2958 4952
646 309 688 373 23

64 483 129 546 sed
148 503 264 546 rerum
276 483 514 548 universitatem
526 481 703 567 significare
715 481 869 548 Melzerus
882 490 964 549 recte
976 484 1071 548 vidit³
1079 482 1103 568 l)
1118 485 1160 569 (p.
1169 485 1234 569 29).

171 587 226 650 De
249 586 370 650 cantico
391 586 456 650 ΗΟ
481 588 564 651 1518
588 607 656 671 sqq.
680 588 743 653 Leo
770 588 849 652 dixit
865 587 916 670 (G.
934 590 970 655 G.
989 589 1028 651 A.
1044 612 1075 673 p.
1093 589 1145 672 9):
1170 591 1235 655 Der

66 689 213 755 Schluss
235 691 278 754 ist
299 689 496 772 missglitclrt,
528 691 587 754 wie
610 691 691 755 atich
713 693 832 774 einiges
854 695 898 756 im
919 691 1013 757 Liede
1035 693 1148 771 selbst3
1183 715 1234 759 ar·

64 801 241 879 gumenta
262 799 365 859 autem
390 797 438 860 vir
461 797 660 860 doctissimus
683 817 746 860 non
770 796 899 862 addidit.

174 897 325 982 Denique
339 898 460 964 Birtius
484 903 517 964 in
539 899 676 966 Hercule
691 899 808 966 Oetaeo
831 923 881 966 res
904 901 1039 966 insulsas
1062 901 1234 984 deprehen·

68 1003 166 1067 disse
193 1004 255 1067 sibi
279 1003 363 1067 visus
387 1008 444 1068 est.

120 1107 197 1171 ΗΟ
214 1107 278 1172 278
294 1106 399 1172 Dlll.:
423 1107 488 1172 Iole
511 1109 588 1172 meis
611 1111 735 1193 captiva
757 1130 923 1194 germanos
947 1111 1035 1176 dabit

412 1213 495 1276 natis
520 1212 676 1297 (Iovisque
698 1213 754 1277 fiet
777 1235 815 1277 ex
837 1214 958 1279 famula
979 1215 1111 1296 nurus)?

412 1338 476 1382 non
498 1316 626 1382 flamma
649 1339 758 1382 cursus
781 1319 899 1402 pariter
921 1324 953 1383 et
975 1325 1098 1384 torrens
1120 1319 1201 1384 feret

411 1427 443 1485 et
466 1444 540 1486 ursa
561 1427 693 1505 pontum
716 1424 796 1486 sicca
819 1422 998 1487 caeruleum
1021 1423 1115 1488 bibet.

70 1527 127 1590 vir
145 1527 350 1590 doctissimus
366 1527 529 1590 adnotavit
546 1526 590 1610 (p.
607 1525 702 1609 535):
726 1525 848 1591 Hilflos
865 1525 1074 1610 verunglllclrt
1089 1529 1140 1592 bei
1156 1527 1234 1591 aller

72 1629 297 1695 Gesuchtheit
329 1631 372 1695 ist
405 1655 430 1696 z.
458 1631 493 1696 B.
528 1630 692 1716 folgenden
725 1631 897 1714 Vergleich
931 1629 1140 1715 (ars-281).
1196 1629 1234 1694 In

71 1734 203 1799 hohern
227 1734 331 1798 Messe
354 1734 601 1817 beeintrtchtigt
631 1734 709 1798 wird
732 1734 873 1798 derselbe
896 1735 1039 1797 dberdies
1062 1733 1160 1800 durch
1183 1734 1233 1798 die

72 1835 412 1921 zwischengestellten
450 1836 580 1912 Worte‚
623 1837 673 1900 die
711 1837 745 1900 in
787 1835 1072 1902 Parenthese
1114 1837 1232 1902 stehen.

72 1943 162 2006 haec
187 1949 271 2005 recte
303 1941 433 2006 dixisset
456 1939 596 2018 Bittius,
626 1942 653 2004 si
676 1962 784 2005 versus
807 1943 870 2006 280
900 1942 945 2006 sic
966 1943 1119 2026 legendus
1142 1947 1231 2006 esset.

73 2047 294 2130 nequeenim
327 2046 457 2110 dubium
479 2045 559 2110 mihi
589 2045 728 2125 videtur,
763 2047 840 2129 quin
861 2047 1005 2111 nonnulli
1036 2047 1156 2112 codices
1179 2048 1232 2111 de·

75 2152 219 2215 teriores
243 2150 406 2214 meliorem
427 2150 592 2214 lectionem
616 2151 787 2233 praebeant
809 2151 908 2214 hanc:

244 2277 319 2318 num
341 2252 470 2317 flamma
492 2273 601 2317 cursus
622 2253 741 2337 pariter
763 2258 795 2316 et
817 2259 940 2318 torrens
962 2252 1093 2337 feret³⁸)

245 2361 276 2420 et
298 2378 373 2420 ursa
394 2361 521 2438 pontem
546 2359 627 2420 sicca
649 2356 826 2422 caeruleum
849 2357 959 2424 bibet?
1246 2439 1248 2444 Ι

76 2463 161 2527 dicit
182 2463 282 2546 igitur
306 2462 473 2526 Deianira:
510 2463 608 2543 ‘prius
631 2461 758 2527 flamma
781 2467 812 2525 et
834 2467 958 2526 torrens
984 2461 1102 2545 pariter
1125 2481 1232 2526 cursus

76 2567 167 2632 feret
190 2570 222 2630 et
245 2588 319 2630 ursa
341 2568 473 2647 pontum
500 2565 587 2628 bibet
617 2587 712 2648 quam
741 2566 845 2648 patiar
867 2566 967 2630 lolam
989 2565 1119 2629 Herculi
1141 2569 1232 2629 natos

75 2694 196 2756 parere
218 2676 250 2734 et
272 2668 354 2734 lovis
377 2690 490 2733 nurum
513 2669 601 2733 fieri.'

174 2774 237 2839 ΗΟ
256 2774 354 2840 1452:
379 2772 512 2857 Megara
532 2773 711 2857 appellatur
734 2773 830 2838 clara.
854 2773 937 2856 quod
960 2774 1148 2838 adiectivum
1170 2795 1232 2838 uon

77 2882 161 2944 satis
197 2882 269 2962 apte
293 2879 429 2961 positum
463 2899 530 2942 ease
553 2878 674 2943 Birtius
709 2899 765 2941 suo
797 2880 864 2942 iure
898 2879 1059 2943 contendit
1081 2880 1125 2961 (p.
1143 2877 1231 2961 511).

78 2982 223 3048 similem
246 2982 349 3046 locum
372 2983 478 3046 inveni
500 2983 534 3045 in
552 2981 668 3046 Troad.
687 2984 790 3048 1112:
813 2984 905 3065 sipon
927 2983 1007 3046 clari
1029 2981 1231 3065 corporis³⁹).

79 3088 220 3154 fortasse
242 3109 312 3150 cum
335 3085 377 3150 N.
395 3087 528 3151 Heinsio
552 3087 584 3170 (l.
603 3110 626 3151 s.
651 3110 681 3170 p.
699 3087 774 3169 285)
799 3086 998 3152 scribendum
1021 3091 1070 3151 est
1091 3108 1176 3152 cara.

173 3189 285 3274 Itaque
307 3189 367 3253 viri
389 3191 472 3254 docti
495 3191 641 3256 Herculis
664 3190 774 3256 Oetaei
800 3196 959 3256 auctorem
982 3214 1049 3256 esse
1071 3192 1231 3258 hominem

80 3299 229 3382 ineptum
253 3316 289 3358 ac
311 3293 461 3358 stolidum
483 3296 598 3359 iniuria
621 3296 777 3359 dixerunt.

174 3399 272 3463 Aliud
295 3401 351 3475 est,
382 3400 466 3482 quod
489 3397 636 3463 Herculis
660 3397 768 3462 Oetaei
800 3399 981 3481 scriptorem
1013 3421 1079 3463 esse
1101 3399 1230 3484 linguae

83 3507 213 3590 inopem
237 3508 268 3566 et
302 3501 459 3567 scribendi
493 3503 651 3568 socordem
685 3509 812 3585 poetam
845 3503 1071 3568 contenderunt
1079 3504 1128 3586 ⁴⁰).
1167 3505 1230 3570 iam

154 3624 189 3691 97)
209 3602 427 3689 1705115ωῶ11
451 3621 571 3676 mundus
590 3621 665 3675 idem
694 3627 736 3674 est
756 3625 842 3687 atque
859 3621 942 3688 inferi
960 3619 996 3674 cf.
1016 3620 1139 3676 Macrob.
1158 3624 1171 3676 Ι
1190 3625 1229 3688 16,

86 3690 625 3829 16-2823,Frprcpppmfeffl.e‘{lrielwpsserpltr)ip
642 3710 668 3814 ii
685 3693 792 3815 irieodili.
805 3691 1024 3816 ietliimilist.
1044 3759 1136 3841 solent
1154 3763 1229 3815 enirn

85 3833 217 3886 nonnulli
227 3835 336 3912 poetae,
350 3831 380 3884 in
392 3848 510 3899 quorum
522 3848 638 3912 numero
652 3831 739 3885 etiam
752 3831 857 3884 Seneca
869 3834 917 3891 eet.
929 3831 1006 3909 uerbi
1017 3847 1044 3910 n.
1057 3833 1229 3900 singularem

84 3919 235 3972 usurpare,
263 3920 287 3982 si
304 3901 361 3955 ullo
384 3901 467 3954 modo
486 3903 602 3955 tolerari
620 3905 720 3970 potest.
749 3900 879 3968 exempla
896 3900 979 3954 hurne
998 3915 1039 3954 rer
1057 3905 1156 3970 postea
1174 3902 1229 3955 for·

85 3975 326 4125 tasseopcggppppe
336 3971 519 4092 riddasrinffrlii
519 3989 581 4093 111est
603 4039 680 4094 locus
704 4039 805 4094 Puaee.
826 4037 907 4092 1247:
933 4040 993 4106 leuc,
1022 4040 1074 4092 leuc
1099 4039 1229 4108 reliquiar

86 4114 464 4249 vehlli⁰)clllsHldiiiiiriil(ap.
485 4176 569 4230 Scriv.
588 4195 616 4245 p.
636 4179 705 4252 347),
726 4176 875 4258 Goetrelius
895 4177 922 4246 (l.
943 4194 964 4234 s.
981 4194 1009 4245 p.
1028 4177 1098 4246 740),
1117 4175 1228 4258 Richte-
1280 4169 1281 4174 ¹

87 4267 133 4304 rus
152 4253 190 4321 [d.
209 4252 234 4305 S.
253 4252 287 4304 tr.
308 4266 332 4307 a.
351 4267 379 4318 p.
399 4249 452 4316 30),
476 4246 530 4327 lieo
549 4247 572 4315 (Ι
590 4265 617 4327 p.
637 4248 696 4313 57),
722 4247 828 4327 Bittius
853 4251 893 4315 (p.
912 4247 969 4308 535,
992 4247 1042 4300 537
1056 4251 1117 4314 eq.).
1148 4265 1179 4300 rn
1196 4264 1228 4301 eo

88 4321 163 4385 quod
172 4321 304 4375 Deianira
316 4319 404 4372 lolam
425 4333 521 4397 novies
542 4318 739 4399 captlvamyel
750 4318 885 4384 paelicem
899 4316 1025 4385 appellat
1036 4318 1071 4387 (v.
1081 4317 1230 4386 278-391)

88 4388 206 4444 Birtium
224 4392 338 4444 haerere
356 4405 413 4442 non
432 4387 559 4441 debuisse
577 4387 709 4455 probavit
726 4387 861 4442 Melzerns
880 4389 918 4454 (p.
940 4385 990 4455 30).
