2958 4952
624 361 664 426 21

59 537 133 601 cati
156 537 306 618 tycotum.
345 537 412 600 ium
427 537 495 600 eius
510 535 596 600 cultu
617 536 717 599 rictus
733 555 808 602 suos
820 534 977 613 infractos
992 555 1059 600 esse
1073 536 1212 608 nuntiat.

57 641 226 706 Melzerus
258 662 421 724 perperam
455 640 606 705 concessit
644 641 688 724 (p.
716 641 771 722 29)
809 639 859 704 his
892 641 1031 704 versibus
1068 640 1213 724 putidum

60 769 197 811 sensum
230 747 341 810 inesse.
386 745 558 809 rectissime
590 743 829 829 Steinbergerus
863 742 897 825 (l.
919 767 944 808 s.
967 767 998 827 p.
1025 742 1099 826 193)
1134 743 1213 808 vidit

59 849 241 916 Herculem
263 850 387 914 nonde
410 849 481 926 alio,
506 851 559 914 scd
583 851 620 914 de
643 871 698 914 cuo
721 849 819 932 ipsius
851 848 941 914 vultu
963 849 1111 932 cogitare.
1148 847 1210 912 Leo

60 955 203 1020 fortasse
225 955 310 1018 hunc
331 956 365 1018 in
388 975 523 1019 errorem
545 976 610 1020 non
633 953 803 1030 cecidisset,
827 952 854 1017 si
876 954 909 1017 in
933 975 1023 1017 versu
1047 952 1130 1016 1274
1152 974 1209 1034 pro

63 1079 155 1123 meos
175 1059 361 1124 scriberetur
382 1077 467 1136 suos,
501 1060 584 1141 quod
610 1080 781 1142 pronomen
811 1081 885 1123 sane
916 1059 1010 1140 psulo
1043 1056 1156 1122 melius
1178 1058 1212 1120 in

65 1186 196 1229 sensum
220 1166 363 1247 quadrat.
409 1163 463 1226 sed
485 1164 526 1239 id,
551 1163 633 1246 quod
655 1185 738 1227 nuno
760 1163 793 1224 in
817 1161 975 1227 codicibus
997 1165 1109 1240 exstat,
1139 1185 1211 1227 cum

62 1269 168 1333 rictus
200 1268 249 1332 illi
283 1273 315 1332 et
349 1269 388 1332 sd
410 1267 601 1332 Herculeum
634 1268 756 1332 vultum
791 1273 822 1330 et
855 1267 895 1331 ad
917 1265 1085 1330 Herculem
1108 1267 1211 1350 ipsum

59 1373 257 1458 pertineant,
282 1393 342 1457 ego
357 1371 449 1436 facile
464 1371 571 1448 ieram,
595 1371 715 1435 Bittius
730 1371 843 1447 minus,
867 1370 921 1453 qui
937 1370 1088 1434 coniecit:
1112 1371 1211 1434 rictus

63 1483 98 1541 ct
123 1496 159 1538 os
180 1476 310 1557 icfrcpc't
333 1483 360 1541 et
384 1476 547 1540 lacrimam
571 1476 701 1556 ompulit.

113 1579 178 1643 ΗΟ
189 1581 271 1645 1472
281 1579 425 1646 ΗΕΡυῦ.;
441 1580 557 1657 Habet,
567 1581 870 1663 peractumest,fsta
880 1583 1030 1644 senostrs
1041 1579 1209 1662 explicant3

224 1682 281 1749 lux
303 1685 364 1748 ista
386 1707 508 1750 summa
532 1689 596 1750 est:
620 1706 752 1769 quercus
773 1683 855 1750 hanc
877 1689 994 1748 sortem
1016 1682 1095 1748 mihi

227 1789 356 1855 fatidica
378 1790 536 1874 quondam
559 1788 687 1853 dederat
710 1793 741 1852 et
763 1789 931 1852 Parnassio

230 1891 378 1958 Cirrhaea
401 1894 546 1977 quatiens
569 1891 688 1975 templa
709 1893 834 1978 mugitu
857 1913 966 1976 specus
975 1891 1029 1975 ³⁶):

228 1998 346 2063 ‘dextra
367 1999 522 2081 perempti
544 1997 653 2075 victor,
677 1997 797 2074 Alcide,
823 1997 881 2062 viri

227 2103 303 2166 olim
324 2100 459 2177 iacebis3
483 2101 535 2167 hic
557 2102 617 2165 tibi
640 2123 766 2166 emenso
788 2103 869 2168 freta

226 2211 387 2290 terrasque
410 2210 442 2269 et
463 2206 590 2270 umbras
612 2205 684 2269 finis
708 2212 864 2270 extremus
888 2206 999 2270 datur’.

62 2314 101 2375 in
128 2313 394 2394 comparationem
418 2310 542 2375 vocevit
563 2310 625 2374 Leo
641 2309 805 2394 Sophoclis
826 2310 930 2376 locum
953 2308 1209 2393 (Trach.1159):

278 2413 345 2495 ἐμοὶ
367 2415 428 2495 γὰρ
451 2409 487 2496 ἦν
510 2412 686 2494 πρόφαντον
710 2413 748 2474 ὲκ
770 2415 887 2495 πατρὸς
909 2412 1016 2493 πάλαι,

277 2517 397 2598 ἀνδρῶν
419 2517 573 2580 πνεόντων
598 2518 728 2600 μηδενὸς
750 2518 857 2581 θανεῖν
880 2519 950 2597 ὕπο,

277 2620 346 2684 ἀλλ’
370 2623 451 2696 ὅστις
473 2619 585 2687 Ἃιδου
608 2621 757 2704 φθίμενος
779 2621 915 2705 οἰκήτωρ
937 2620 1036 2686 πόλοι.

277 2725 323 2787 ὅδ’
347 2726 400 2788 οὖν
424 2726 440 2788 ό
463 2726 527 2810 θὴρ
550 2725 737 2808 Κένταυρος,
761 2725 803 2800 ὡς
825 2728 860 2788 τό
883 2725 969 2790 θεῖον
992 2727 1030 2810 ἠν

277 2830 462 2913 πρόφαντον,
487 2833 567 2894 οὕτω
584 2831 686 2910 ζῶντά
709 2833 739 2915 μ’
763 2832 898 2894 ἔκτεινεν
920 2829 1036 2895 θανόν.

276 2943 363 3015 φανῶ
387 2933 414 2998 δ’
437 2936 499 3019 ἐγὼ
522 2936 656 2999 τούτοισι
679 2935 874 3022 συμβαίνοντ’
895 2938 947 3000 ἴσα

277 3047 405 3120 μαντεῖα
427 3039 530 3118 καινά,
553 3049 616 3114 τοῖς
639 3038 736 3102 πάλαι
760 3039 924 3124 ξυνήγορα,

278 3143 298 3204 ἃ
320 3151 380 3205 τῶν
404 3143 512 3225 ὀρείων
535 3145 589 3206 καί
612 3152 826 3228 χαματκοττων
850 3145 912 3227 ἐγὼ

277 3243 402 3308 Σελλων
427 3245 566 3309 ἐσελθὼν
590 3247 685 3322 ἄλσος
708 3247 938 3332 εἰσεγραψάμην

276 3351 354 3431 πρός
375 3358 431 3433 τῆς
452 3349 599 3434 πατρῴας
622 3354 675 3415 καί
697 3352 924 3436 πολυγλώσσου
948 3355 1050 3436 δρυός.

61 3455 228 3522 contendit
250 3460 356 3519 autem
377 3457 426 3520 vir
441 3455 637 3522 doctissimus
659 3463 784 3541 poetam
801 3456 977 3522 Romanum
1001 3459 1061 3524 duo
1084 3457 1210 3524 oracula

62 3585 84 3625 a
102 3558 257 3643 Sophocle
273 3566 516 3626 commemorata
531 3566 596 3625 tam
619 3561 728 3625 claude
752 3561 809 3643 (sic
824 3561 898 3645 Leo)
923 3567 954 3626 et
976 3563 1103 3647 oblique
1128 3564 1210 3627 inter

62 3687 101 3730 se
124 3665 331 3741 coniunxisse,
355 3670 391 3727 ut
413 3665 450 3729 de
473 3688 536 3730 uns
559 3669 685 3728 tantum
708 3669 791 3730 sorte
813 3667 900 3751 loqui
923 3667 1125 3752 videatur³⁶).
1157 3690 1208 3732 ar·

63 3771 228 3854 gemente,
261 3790 342 3852 quae
363 3768 518 3834 Melzerus
540 3769 674 3852 protulit
698 3771 740 3854 (p.
765 3771 886 3856 19(20)‚
915 3795 985 3838 oum
1008 3776 1047 3839 ed
1070 3796 1135 3838 rern
1159 3773 1208 3855 ip·

63 3895 134 3939 sam
157 3873 210 3936 vix
233 3878 384 3956 spectent,
415 3898 477 3940 non
499 3876 560 3938 nisi
583 3876 732 3961 ambages
755 3882 837 3942 sunt.
885 3877 978 3942 facile
999 3883 1105 3942 autem
1128 3875 1208 3940 Leo-

63 3978 115 4044 nis
138 3978 234 4042 verbs
265 3979 399 4043 refutari
421 3985 570 4063 possunt,
601 4003 675 4045 nem
697 3986 789 4064 poeta
812 3982 973 4047 Romanus
1002 3983 1078 4046 satis
1101 3985 1208 4063 aperte

68 4094 225 4104 ,..-.-

134 4133 168 4200 ³⁶)
186 4129 332 4187 Traditum
360 4137 402 4188 est
419 4151 519 4188 mcccc.
547 4152 642 4203 specus
667 4136 787 4190 coniecit
810 4135 918 4205 primus
936 4135 968 4189 N.
989 4135 1118 4190 Heinsius
1137 4135 1169 4204 (l.
1188 4153 1209 4189 s.

65 4222 94 4272 p.
112 4202 183 4270 286),
203 4203 302 4256 deinde
321 4203 553 4258 Wilsmowitaius
571 4207 616 4273 (cf.
634 4205 689 4259 Leo
707 4207 719 4258 1
739 4224 765 4274 p.
784 4207 818 4260 55
837 4206 901 4259 adn.
920 4209 956 4272 5).

135 4271 170 4340 ⁸⁶)
190 4271 219 4325 Si
236 4272 291 4328 heo
312 4277 386 4328 recte
405 4273 528 4337 dixisset,
546 4290 603 4327 non
621 4276 742 4329 multum
760 4276 874 4330 valeret.
892 4275 965 4329 talia
982 4274 1055 4329 enim
1075 4274 1209 4328 Senecam

69 4358 280 4468 nonrprrplpuem
299 4344 352 4397 sibi
370 4343 518 4398 indulsisse
537 4345 739 4400 demonstravit
755 4345 897 4400 Herderus
915 4343 1094 4412 (Festschrift
1106 4343 1209 4398 Johan·

68 4428 115 4467 nes
159 4428 176 4465 a
209 4429 243 4466 en
261 4430 288 4482 p.
307 4416 378 4481 451).
