2958 4952
806 317 847 382 60

215 511 216 514 ’
258 511 365 593 itaque
388 509 416 572 si
438 509 539 573 sexies
561 512 686 572 tantum
707 527 818 586 nempe
840 507 874 570 in
895 503 959 568 ΗΟ
982 509 1131 584 exstaret,
1155 505 1308 571 Hercules
1323 507 1399 570 alter

260 616 378 696 optime
400 635 471 678 cum
495 612 674 676 Phoenissis
696 611 884 675 conveniret.
909 632 993 673 nunc
1016 616 1132 688 autem,
1156 633 1230 675 cum
1253 612 1353 676 decies
1362 611 1397 692 96)

259 739 367 799 nempe
398 719 432 782 in
462 716 527 780 ΗΟ
560 718 694 800 legatur,
727 719 886 780 auctorem
916 715 1010 778 huius
1032 717 1212 800 tragoediae
1235 715 1399 780 Richterus

259 823 438 905 vituperare
461 843 555 886 ausus
578 828 634 885 est.
659 844 753 905 quam
777 822 817 885 ob
840 843 906 884 rem
928 821 1134 885 memorabile
1156 841 1223 884 6666
1254 821 1335 885 mihi
1356 823 1400 884 vi·

261 930 352 994 detur
374 949 484 1008 nempe
507 926 556 990 bis
580 926 658 1009 (ΗΟ
674 929 736 990 332
754 930 786 990 66
801 926 878 1011 437)
901 927 935 988 in
950 925 978 988 Ε
995 925 1145 989 omissum
1161 923 1312 988 stlocum
1331 925 1397 1002 369,

259 1055 330 1098 cum
353 1034 386 1097 in
409 1032 593 1096 Florentino
616 1032 767 1095 traditum
791 1032 833 1093 sit
854 1051 963 1110 nempe
988 1029 1160 1110 7766666066
1182 1034 1302 1107 aucant,
1327 1030 1402 1093 ind

260 1141 366 1202 autem
387 1157 473 1199 mene
492 1135 685 1215 7766666066
708 1140 830 1210 cocunt,
854 1155 918 1197 non
934 1133 1010 1197 satis
1026 1139 1146 1197 certum
1161 1154 1227 1197 esse
1239 1132 1291 1216 97).
1314 1155 1402 1216 6666·

259 1247 345 1306 terea
368 1246 399 1305 66
421 1239 483 1304 Leo
507 1240 535 1320 (Ι
559 1261 589 1321 p.
616 1237 670 1322 66)
696 1242 727 1301 66
750 1238 904 1302 Melzerus
933 1239 1007 1303 huic
1030 1237 1202 1320 particulae
1223 1239 1257 1302 id
1279 1259 1402 1321 quoque

259 1345 415 1428 praesidio
438 1365 505 1407 6666
520 1342 759 1419 contenderunt,
783 1343 867 1425 quod
882 1365 911 1406 v.
930 1343 1101 1406 351-379
1125 1343 1290 1426 quinquies
1314 1343 1402 1426 quasi

258 1450 292 1512 in
315 1471 378 1512 una
407 1449 535 1531 periodo
565 1449 707 1513 membra
741 1449 1024 1532 argumentationis
1053 1452 1203 1512 conectat.
1238 1449 1302 1512 iam
1331 1469 1402 1512 vero

260 1551 431 1636 particulas
447 1559 561 1630 nutem,
578 1573 642 1630 ceu,
659 1553 841 1628 comminuo,
858 1571 1103 1631 nonnumquam,
1116 1553 1251 1631 proprie
1265 1573 1329 1616 non
1345 1553 1402 1616 nisi

259 1657 294 1721 in
316 1657 491 1721 Troadibus
514 1657 620 1721 inveni
644 1655 698 1738 (cf.
715 1679 744 1719 v.
764 1655 838 1732 927,
856 1656 908 1733 20,
926 1654 998 1732 348,
1016 1655 1089 1733 904,
1113 1652 1201 1737 435).
1232 1677 1334 1739 neque
1357 1664 1401 1722 ta·

258 1784 331 1825 men
355 1762 492 1826 Troades
516 1763 638 1846 spurias
661 1761 755 1824 dices.
1171 1773 1172 1776 ’

344 1867 427 1931 Fere
456 1867 643 1952 particulam
675 1863 852 1929 aSenecae
885 1886 944 1927 usu
977 1863 1114 1927 alienam
1148 1865 1196 1928 bis
1225 1865 1401 1929 tantumin

258 1970 324 2034 ΗΟ
348 1970 435 2050 (407,
460 1970 535 2054 452)
566 1971 742 2034 adhibitam
775 1992 841 2033 esse
864 1968 1033 2033 Richterus
1058 1970 1137 2033 dixit
1169 1969 1212 2052 (p.
1238 1969 1303 2052 25).
1337 1970 1400 2052 pri·

259 2097 348 2139 mum
370 2095 481 2137 moneo
503 2073 568 2153 (666
591 2075 624 2136 in
646 2073 782 2138 Etrusco
805 2074 933 2137 omnino
955 2096 1019 2138 non
1042 2075 1194 2138 traditum
1217 2095 1299 2152 6666,
1330 2095 1399 2139 nam

259 2200 368 2243 versus
392 2179 454 2242 407
480 2178 613 2242 omissus
637 2182 684 2242 est
700 2183 776 2242 etv.
794 2178 857 2242 452
881 2177 951 2257 sore
973 2179 1144 2242 invenitur.
1168 2178 1279 2242 deinde
1302 2182 1400 2242 exstat

258 2282 324 2363 sere
350 2282 466 2347 Trond.
491 2283 556 2347 438
579 2286 611 2346 66
635 2283 770 2347 fortasse
807 2283 900 2346 1143.
937 2284 994 2366 qui
1017 2282 1104 2348 locus
1138 2289 1303 2368 corruptus
1336 2289 1398 2348 est:

261 2387 395 2470 legimus
419 2390 502 2452 enim
526 2390 560 2453 in
582 2390 613 2452 A
636 2395 664 2454 66
685 2389 757 2469 fera,
781 2390 815 2454 in
836 2388 864 2453 E
889 2395 994 2453 autem
1019 2389 1113 2469 effert,
1137 2390 1221 2473 quod
1242 2389 1335 2454 nihili
1356 2394 1399 2452 666
1461 2458 1462 2463 ,

260 2495 293 2556 66
314 2498 450 2557 metrum
474 2493 566 2558 delet.
591 2494 726 2559 maxime
748 2494 847 2578 igitur
861 2493 1033 2557 verisimile
1060 2501 1107 2557 666
1133 2493 1254 2559 codices
1270 2493 1398 2557 deterio-

259 2619 309 2660 res
332 2597 494 2662 meliorem
518 2600 684 2664 lectionem
709 2600 870 2682 praebere.
964 2602 967 2610 ’

346 2687 445 2766 Forte
468 2708 579 2786 quater
602 2705 635 2767 in
658 2703 723 2767 ΗΟ
748 2705 889 2787 positum
913 2704 999 2786 (500,
1024 2704 1096 2781 522,
1122 2704 1194 2782 722,
1212 2704 1288 2787 929)
1305 2703 1398 2767 offen·

261 2807 307 2869 dit
336 2807 469 2870 eundem
494 2807 687 2872 Richterum.
722 2811 788 2872 nisi
822 2808 903 2888 forte
936 2808 1087 2891 scriptum
1118 2808 1183 2873 vidi
1205 2809 1264 2891 Ap.
1289 2809 1349 2872 960
1371 2811 1398 2869 66

261 2908 380 2973 Pnueu.
405 2910 466 2973 628
476 2909 526 2993 98).
566 2912 644 2975 adde
668 2913 750 2994 quod
773 2933 870 2992 neque
885 2933 1039 2995 nusquam
1057 2912 1218 2976 invenitur
1232 2912 1295 2976 nisi
1308 2907 1397 2974 semel

259 3015 292 3078 in
319 3013 390 3078 060.
416 3015 488 3080 381.
512 3016 618 3078 iamne
640 3016 784 3080 concludi
807 3020 912 3098 potest
934 3013 1088 3099 Oedipum
1118 3017 1282 3081 insitivum
1313 3015 1397 3078 esse?

348 3116 456 3183 Donec
478 3142 540 3184 non
564 3121 666 3184 solum
690 3121 786 3184 semel
807 3121 841 3184 in
862 3120 927 3185 ΗΟ
943 3121 1015 3198 429,
1039 3122 1092 3185 660
1116 3121 1210 3184 ctiam
1233 3125 1343 3203 quater
1366 3119 1397 3180 in

263 3221 334 3288 oen.
359 3224 432 3302 622,
457 3225 528 3304 745,
556 3226 628 3304 760,
652 3226 715 3289 960
746 3228 869 3289 exstare
891 3224 1061 3290 Richterus
1083 3229 1150 3309 ipsa
1173 3225 1261 3288 vidit.
1285 3221 1397 3287 accedit

261 3328 347 3412 quod
368 3350 475 3392 versus
497 3330 561 3395 ΗΟ
583 3333 646 3395 429
670 3333 702 3395 in
726 3332 754 3395 Ε
777 3354 840 3396 non
864 3332 999 3395 traditus
1023 3335 1078 3396 est.

349 3433 463 3499 Polum
486 3435 621 3521 legimus
644 3437 704 3520 Ap.
723 3437 794 3516 258,
818 3431 1269 3519 H01261,1516‚1517⁹⁹).
1305 3431 1395 3496 Rich·

260 3542 327 3602 tero
352 3539 511 3622 displicuit
534 3543 617 3624 quod
634 3542 747 3622 pulum
762 3542 824 3624 Ap.
841 3539 904 3605 258
928 3538 1170 3624 praepositionis
1192 3537 1293 3602 vicem
1308 3537 1394 3608 tenet,

262 3648 371 3706 contra
393 3643 427 3705 in
449 3642 516 3707 ΗΟ
538 3667 660 3728 semper
682 3647 866 3711 adverbium
889 3651 945 3709 est.
981 3649 1014 3708 at
1035 3645 1118 3709 inter
1144 3663 1252 3707 omnes
1281 3642 1395 3706 constat

257 3745 370 3827 pulum
393 3746 575 3811 adverbium
598 3752 699 3832 poetis
723 3756 754 3814 et
776 3749 982 3833 scriptoribus
1015 3771 1128 3834 prosae
1157 3747 1310 3812 orationis
1338 3743 1395 3808 usi-

261 3849 454 3913 tatissimum
477 3873 553 3929 esse,
573 3852 685 3934 pulum
708 3860 813 3919 autem
836 3854 1100 3938 praepositionem
1115 3873 1243 3936 perraro
1259 3847 1393 3915 inveniri.

330 4004 365 4068 ⁹⁰)
384 4003 532 4059 Richterus
550 4007 609 4075 ipse
626 4005 722 4060 novies
741 4008 854 4061 tantum
883 4023 976 4078 nempe
1003 4005 1193 4078 deprehendit,
1214 4008 1290 4060 recta
1310 4007 1395 4059 autam

260 4076 421 4128 numeravit
440 4075 575 4129 Malzarus
593 4095 620 4144 p.
641 4075 682 4129 33.

329 4144 362 4213 ⁹⁷)
384 4144 508 4200 110374
527 4145 559 4199 N.
579 4145 707 4201 Heinsius
733 4163 783 4215 pro
809 4163 902 4216 nempe
926 4147 976 4203 illa
1002 4149 1093 4204 camin
1119 4146 1204 4202 scribi
1232 4145 1324 4201 voluit
1349 4141 1394 4198 Nc·

260 4229 352 4267 maaca
370 4215 459 4269 cerain
477 4215 509 4282 (1.
528 4233 547 4271 s.
567 4233 594 4296 6.
613 4216 684 4286 442).
728 4286 734 4298 ἱ
830 4286 835 4297 Ι
988 4288 993 4298 Ι
1018 4287 1024 4297 ,

329 4282 365 4420 εἰ)
381 4285 949 4412 6666666666666666
965 4288 1123 4415 666...
