2958 4952
599 323 638 384 15

36 500 129 564 moli.
157 499 191 562 in
214 499 317 562 verbis
340 497 500 562 commodo
517 547 524 560 .
541 547 548 561 .
566 545 573 559 .
589 500 696 576 pateat
719 496 889 578 quicquam
912 495 1036 561 obscuri
1059 518 1122 562 non
1145 498 1193 561 vi·

39 609 100 671 deo
131 610 227 687 atque
255 606 358 666 verto:
394 601 517 667 Grosses
539 599 689 686 Ungldclr
718 603 762 664 ist
790 599 981 684 zug'singlich
1012 601 1064 666 fur
1094 605 1194 687 grosse

38 710 188 776 Vorteile
210 709 260 773 vel
284 707 407 772 Grosses
422 705 575 791 Ungltlclr
598 709 640 770 ist
662 707 709 770 oft
732 727 792 770 von
816 707 936 788 grossen
951 703 1114 770 Vorteilen
1139 708 1192 771 be-

39 815 167 900 gleitet.
200 836 229 878 v.
248 813 418 878 119-142
442 812 582 896 virgines
599 808 783 875 Oechalides
807 812 845 875 de
866 811 954 875 clade
977 831 1033 875 sua
1056 833 1193 895 conque-

37 923 175 994 runtur;
209 918 290 980 hauc
323 916 445 982 cladem
469 916 514 978 eis
538 915 647 978 intulit
669 913 831 990 Hercules,
855 913 1001 979 immanis
1023 915 1078 978 ille
1101 916 1194 981 heros

41 1021 256 1107 (rsa-170).
280 1025 386 1085 tamen
409 1043 507 1084 unum
532 1019 729 1084 commodum
751 1040 903 1103 magnum
925 1020 985 1084 hac
1007 1019 1094 1086 clade
1117 1043 1193 1086 nac·

40 1134 98 1192 tae
121 1131 212 1191 sunt:
247 1124 369 1191 nullum
393 1125 511 1189 malum
534 1127 686 1208 superest,
719 1146 794 1187 nam
816 1125 932 1189 iratum
955 1125 1124 1191 Herculem
1147 1128 1193 1190 vi-

41 1235 169 1310 derunt,
194 1253 256 1315 quo
278 1232 379 1295 maius
394 1227 513 1293 malum
534 1230 669 1294 inveniri
692 1230 1101 1314 nonpotest(170-172).
1132 1231 1193 1296 ita·

43 1360 108 1421 que
130 1335 227 1400 verba
249 1335 407 1400 commodo
424 1384 431 1397 .
448 1383 456 1398 .
474 1386 480 1399 .
498 1339 607 1414 pateat
630 1355 702 1397 oum
723 1333 981 1398 antecedentibus
1004 1336 1195 1401 conveniunt

43 1447 142 1525 atque
165 1440 347 1524 conspirant
369 1444 401 1503 et
424 1439 579 1522 virginee,
611 1459 682 1502 cum
705 1437 874 1502 Herculem
908 1439 1023 1504 iratum
1054 1440 1195 1504 omnium

43 1547 220 1610 maximum
236 1566 302 1608 esse
317 1544 436 1608 malum
451 1544 562 1622 sciant,
585 1543 687 1608 dicere
703 1546 850 1625 possunt:
874 1543 923 1606 ull
944 1549 1085 1624 superesi
1106 1544 1195 1608 muli.

44 1650 195 1715 Herculis
217 1650 298 1713 iram
313 1648 398 1711 haud
413 1647 506 1711 dubie
521 1668 671 1730 perquam
694 1645 876 1709 horribilem
891 1652 984 1729 poeta
1005 1647 1108 1724 finxit,
1131 1647 1195 1724 sed,

46 1756 132 1841 quod
154 1756 237 1819 infra
261 1754 303 1836 (p.
327 1752 413 1835 tert.)
438 1753 654 1815 demonstrare
677 1750 799 1824 studui,
831 1773 894 1813 non
918 1753 985 1814 sine
1007 1750 1138 1815 consilio
1160 1773 1197 1815 ac

47 1859 163 1924 iudicio
186 1859 244 1923 hoo
267 1857 352 1922 fecit.

135 1941 257 2026 Deinde
284 1961 449 2025 Tachavus
475 1960 541 2025 ΗΟ
566 1960 626 2023 107
650 1980 695 2042 sq.
721 1981 792 2040 cum
819 1959 932 2024 Trood.
959 1961 1019 2024 150
1052 1959 1194 2024 eontulit.
1306 2011 1311 2020 .

47 2067 108 2130 hac
130 2087 255 2149 quoque
277 2067 315 2130 de
336 2088 371 2130 re
393 2065 540 2148 inspicias
564 2086 643 2147 quae
665 2066 699 2128 in
722 2064 822 2129 altera
844 2070 933 2147 parte
956 2065 1030 2129 dixi.

136 2169 299 2234 Postremo
321 2173 370 2235 vir
391 2170 589 2234 doctissimus
614 2171 788 2252 composuit

137 2272 301 2338 H0122:
326 2273 434 2338 felices
457 2273 605 2358 sequeris,
629 2295 724 2350 mors,
749 2273 879 2338 miseros
902 2273 990 2359 fugis

139 2400 209 2444 cum

49 2482 170 2548 Troad.
197 2483 299 2547 1171:
575 2481 661 2546 Mors
685 2488 792 2547 votnm
816 2504 930 2558 meum,

325 2586 501 2651 infantibus
524 2587 663 2650 violenta
686 2587 863 2670 virginibus
886 2588 983 2663 venia,

325 2691 442 2774 ubique
466 2712 624 2774 properas,
649 2711 760 2755 saeva:
783 2713 833 2754 me
857 2691 955 2754 solam
978 2690 1071 2754 times

325 2796 478 2878 vitasque,
502 2796 624 2878 gladios
646 2797 728 2859 inter
751 2816 787 2859 ac
809 2794 873 2858 tela
896 2799 928 2858 et
950 2795 1035 2859 faces

325 2901 468 2983 quaesita
491 2905 559 2964 tota
578 2904 679 2978 nocte,
704 2901 880 2982 cupientem
903 2899 1000 2982 fugis.

48 3004 184 3068 credidit
200 3005 283 3068 enim
299 3003 464 3069 Tachavus
479 3004 653 3083 Hecubam,
677 3028 748 3069 cum
763 3004 815 3068 diu
832 3009 966 3068 mortem
982 3003 1195 3087 quaesivisset,

47 3109 148 3173 verba
168 3107 276 3186 felices
296 3111 446 3188 sequeris
463 3130 558 3187 mors,
575 3111 705 3173 miseros
724 3109 816 3191 fauts
835 3130 909 3173 sane
932 3110 1032 3173 dicere
1047 3109 1196 3192 potuisse,

48 3213 105 3278 sed
128 3213 267 3295 virgines
283 3210 476 3291 Oechalides‚
502 3235 582 3296 quae
605 3216 677 3277 ante
700 3214 810 3277 urbem
826 3217 1041 3296 expugnatam
1060 3214 1198 3278 nondum

47 3318 184 3382 miserae
207 3316 351 3394 fuissent,
374 3317 480 3399 inepte
503 3319 547 3382 sio
562 3319 658 3401 loqui.
693 3318 752 3381 hae
776 3338 849 3381 sane
872 3318 1016 3402 argutiae
1030 3341 1067 3382 ac
1089 3318 1198 3400 spinae

47 3426 136 3486 sunt.
169 3421 301 3485 fortasse
324 3425 439 3498 autem,
472 3419 547 3483 dum
561 3418 713 3485 Hercules
737 3417 918 3483 Oechaliam
941 3420 1073 3498 obsidet,
1099 3420 1197 3504 virgi·

46 3548 107 3592 nes
130 3529 178 3590 tot
200 3527 395 3590 calamitates
417 3546 583 3609 perpessae
612 3530 695 3601 sunt,
728 3523 851 3587 utiam
873 3524 968 3606 paulo
992 3528 1065 3589 ante
1088 3525 1198 3589 urbem

46 3630 180 3716 penitus
195 3634 407 3712 expugnatam
422 3631 555 3694 miserae
570 3633 674 3694 essent
689 3633 937 3713 quaererentque
954 3634 1096 3695 mortem.
1127 3631 1198 3714 quis

47 3737 99 3800 ita
122 3738 158 3797 nt
179 3733 343 3798 Tachavus
372 3757 443 3800 cum
472 3740 567 3818 poeta
588 3737 685 3819 aget?
718 3755 874 3817 nusquam
901 3756 976 3819 ergo
1007 3735 1040 3799 in
1062 3735 1199 3800 Hercule

49 3839 173 3904 Oetaeo
195 3859 301 3902 versus
332 3840 445 3904 stolida
474 3839 649 3905 imitatione
672 3861 710 3902 ex
733 3841 843 3904 ceteris
866 3840 1036 3923 tragoediis
1059 3841 1199 3922 expressi

48 3943 265 4007 inveniuntur.

143 4044 381 4110 Consideremus
412 4070 495 4112 nunc
526 4070 587 4131 quo
616 4050 684 4112 iure
708 4047 853 4113 Herculis
876 4045 984 4112 Oetaei
1015 4048 1198 4130 scriptorem

50 4150 188 4216 stultum
204 4155 299 4234 atque
313 4153 456 4234 ineptum
473 4151 631 4218 hominem
647 4175 713 4217 esse
728 4153 873 4217 dixerint.
906 4155 1026 4237 primus
1041 4151 1079 4216 D.
1095 4150 1197 4214 Hein-

51 4257 118 4322 sius
141 4255 276 4338 ineptias
308 4254 548 4340 deprehendisse
580 4255 641 4320 sibi
663 4258 749 4321 visus
780 4261 837 4320 est.
861 4257 1025 4321 adnotavit
1053 4255 1136 4319 enim
1159 4253 1199 4318 ad

141 4357 206 4423 ΗΟ
230 4360 309 4423 387:
585 4361 733 4444 quicquid
754 4362 788 4425 in
811 4361 901 4427 nobis
923 4361 986 4425 fuit
