2958 4952
808 271 851 335 48

258 455 292 517 in
315 451 408 516 Silvis
430 449 565 532 legimus
588 469 680 531 quom
704 447 852 531 (14,29;
876 449 892 512 Ι
918 449 947 524 5,
962 448 1002 511 39
1016 446 1065 528 ⁷⁹),
1099 446 1407 532 113,69);114414

258 579 334 620 num
358 554 581 637 comprobatur
604 553 706 617 Silvas
729 574 792 616 non
816 576 834 616 a
858 552 958 617 Statio
981 552 1138 634 profectas
1162 556 1252 616 esse?
1476 569 1477 600 1

345 658 512 725 Ρ14414144
531 659 592 724 Leo
615 658 676 722 sibi
698 658 854 743 persuasit
870 657 1016 721 Herculis
1034 656 1145 722 Oetaei
1161 661 1324 722 auctorem
1339 658 1406 724 fere

259 766 375 848 ubique
397 765 517 847 colpus,
541 765 656 842 441144,
681 764 820 827 inclutus
836 762 1007 845 scripsisse,
1032 766 1142 827 contra
1158 762 1307 828 Senecam
1325 784 1406 828 sem-

257 892 313 954 per
335 872 470 953 culpae,
504 869 626 945 uultus,
650 868 788 931 14411144.
821 866 965 949 exempla
994 871 1100 932 autem
1130 867 1178 931 vir
1206 866 1408 932 doctissimus

256 998 320 1040 non
336 977 456 1052 attulit,
479 995 581 1057 neque
604 974 687 1036 enim
711 973 815 1056 potnit
838 973 958 1036 afferre.
984 995 1142 1055 nusquam
1164 972 1272 1054 441444
1294 973 1329 1036 111
1344 971 1408 1036 ΗΟ

258 1081 410 1144 1146114111
433 1076 546 1159 44180),
569 1081 618 1140 141
640 1080 765 1140 1411111111
789 1079 893 1140 exstat
915 1076 1029 1157 culpus
1053 1077 1126 1154 605,
1141 1075 1214 1153 806,
1237 1076 1332 1140 1745.
1358 1077 1409 1138 iu·

258 1184 350 1248 4111444
363 1184 516 1266 legimus:
530 1181 587 1261 Hf.
606 1180 680 1259 339,
696 1180 770 1258 347,
791 1181 907 1245 Troud.
924 1181 998 1256 236,
1014 1181 1090 1257 463,
1108 1180 1225 1244 Phaon.
1243 1181 1318 1257 185,
1332 1179 1407 1258 536,

259 1287 347 1351 Men.
366 1286 437 1362 130,
455 1285 529 1363 226,
547 1285 620 1363 367,
638 1285 711 1362 511,
735 1285 817 1366 Apu.
837 1285 908 1360 125,
926 1285 1000 1362 310,
1017 1284 1110 1361 4004,
1137 1283 1215 1374 Toy.
1241 1285 1312 1360 123,
1333 1285 1408 1363 190,

256 1391 321 1456 ΗΟ
336 1391 411 1469 422,
430 1391 525 1468 1200,
544 1388 638 1467 1984,
654 1389 810 1453 inclutus:
844 1387 903 1467 Η(
922 1388 993 1466 134,
1013 1388 1130 1453 71446.
1149 1388 1222 1466 714,
1241 1388 1313 1452 oco.
1332 1392 1408 1469 221,

255 1495 316 1576 Ap.
345 1494 419 1573 369,
444 1495 516 1571 918,
540 1492 605 1558 ΗΟ
627 1492 699 1572 332,
726 1493 798 1570 882,
827 1494 920 1570 1415,
949 1492 1042 1569 1427,
1068 1492 1161 1571 1481,
1188 1491 1281 1570 1515,
1309 1495 1407 1559 1832.

255 1600 364 1684 itaque
386 1600 413 1662 si
429 1621 535 1663 severe
550 1619 644 1683 agere
666 1598 821 1675 volumus,
838 1596 987 1680 Oedipus,
1011 1619 1082 1661 cum
1105 1619 1262 1680 nusquam
1277 1599 1409 1664 inclitus

255 1705 390 1783 habeat,
425 1703 561 1767 maxime
592 1703 744 1766 44414114
773 1701 891 1766 fabulis
914 1701 1072 1766 abhorret.
1103 1701 1206 1766 441144
1228 1701 1280 1766 141
1302 1704 1408 1768 voltus

254 1811 287 1872 in
312 1810 450 1874 Hercule
472 1806 590 1872 Oetaeo
618 1808 778 1871 invenitur
800 1807 905 1871 tricies
928 1807 977 1870 bis
1001 1806 1043 1887 (v.
1063 1807 1135 1884 165,
1153 1807 1224 1886 170,
1243 1808 1315 1900 1199,
1330 1809 1405 1884 227,

255 1915 328 1992 230,
346 1914 419 1993 247,
437 1913 510 1990 251,
527 1912 601 1990 356,
617 1913 691 1987 483,
709 1913 781 1990 700,
801 1913 872 1989 705,
890 1912 963 1990 808,
982 1910 1076 1990 1017,
1095 1913 1406 1991 1258,1266,1273,

256 2020 350 2094 1290,
377 2019 471 2094 1296,
499 2017 593 2094 1348,
622 2016 717 2095 1489,
743 2016 836 2094 1555,
862 2016 1405 2098 1574,1603,1608,1645,1684,

256 2121 927 2202 1708,1724,1726,1753,1978,1992).
953 2122 1007 2186 446
1029 2121 1118 2185 dubii
1141 2126 1215 2185 sunt
1241 2122 1304 2187 loci
1327 2125 1404 2202 356,

255 2225 328 2303 808,
354 2225 447 2303 1753,
471 2247 545 2288 uam
569 2224 632 2288 356
656 2225 810 2287 1146111114
832 2224 1013 2305 vultumque
1037 2226 1244 2307 depravatum
1276 2226 1406 2291 videtur

255 2351 321 2394 esse
345 2351 383 2394 ex
405 2328 609 2410 multumque,
632 2329 715 2411 quod
730 2328 763 2392 in
780 2328 809 2392 A
824 2328 970 2410 legimus.
995 2329 1058 2392 808
1082 2329 1234 2413 scriptum
1257 2330 1404 2396 videmus

257 2435 388 2512 441144,
423 2434 477 2498 446
509 2434 597 2519 prior
619 2455 641 2496 u
664 2437 768 2498 exstat
789 2435 823 2497 in
845 2453 957 2498 rasura
978 2433 1109 2498 alterius
1135 2456 1255 2499 manue.
1290 2458 1403 2501 versus

255 2539 339 2604 1753
354 2541 386 2602 in
403 2538 431 2602 Ε
447 2539 582 2604 4111144114
603 2541 660 2602 est.
684 2543 852 2620 supersunt
867 2539 968 2624 igitur
981 2538 1043 2602 1441
1066 2538 1292 2622 undetriginta.
1315 2539 1403 2605 inter

253 2665 332 2728 quos
361 2645 464 2708 441144
491 2642 627 2728 legimus
649 2643 800 2707 terdecies
831 2643 919 2727 (251,
944 2643 1038 2722 1258,
1065 2644 1158 2722 1266,
1184 2644 1279 2722 1273,
1304 2643 1400 2726 1290,

255 2748 462 2826 1296‚1489,
482 2747 688 2825 16031608,
708 2748 801 2825 1645,
822 2748 914 2825 1708,
934 2749 1027 2826 1724,
1046 2748 1153 2827 1992),
1174 2748 1282 2813 vultus
1298 2751 1401 2814 sexies

253 2851 545 2934 decies(165,170,
562 2849 632 2927 199,
647 2851 719 2928 227,
734 2852 807 2927 230,
825 2852 898 2931 247,
915 2853 988 2930 483,
1008 2853 1081 2930 700,
1099 2853 1171 2932 705,
1190 2853 1285 2933 1017,
1304 2855 1398 2932 1348,

255 2955 462 3034 1555,1574,
481 2955 574 3032 1684,
602 2955 821 3038 17261978).
845 2958 953 3040 itaque
975 2961 1086 3022 auctor
1107 2979 1171 3022 non
1192 2959 1258 3022 fere
1280 2959 1399 3042 ubique

251 3062 365 3138 celtae,
389 3060 444 3124 sed
464 3059 588 3141 saepius
603 3060 710 3124 441144
733 3061 867 3142 scripsit.
892 3062 952 3125 hoc
974 3082 1045 3126 cum
1068 3065 1199 3142 constet,
1222 3062 1314 3126 facile
1328 3083 1399 3127 cre·

253 3166 308 3229 das
331 3167 425 3228 etiam
450 3163 554 3227 dubiis
577 3163 641 3229 illis
663 3165 741 3230 locis
776 3165 854 3248 (808
878 3168 910 3228 41
934 3165 1031 3248 1753)
1062 3166 1138 3231 olim
1167 3165 1398 3232 4411444146-

251 3270 337 3332 tisse.
371 3289 447 3353 ergo
471 3268 668 3334 duodevicies
697 3270 832 3334 formam
859 3271 964 3334 441144
987 3270 1258 3355 deprehendimus.
1290 3274 1399 3355 itaque

252 3371 431 3451 Richterus,
455 3376 483 3438 si
505 3374 621 3438 iterum
645 3371 781 3440 Senecae
803 3376 983 3460 tragoedias
1006 3375 1140 3439 edendas
1163 3374 1296 3452 curabit,
1318 3375 1398 3440 14414

252 3478 366 3559 quibus
388 3479 496 3543 voltus
519 3479 671 3543 traditum
695 3483 757 3556 est,
791 3502 855 3544 non
878 3479 994 3544 scribet
1025 3478 1148 3557 voltus,
1181 3479 1265 3562 quod
1296 3501 1398 3562 nuper

249 3581 326 3645 fecit
349 3581 454 3665 (41.1.
477 3583 549 3660 247,
575 3583 670 3663 1348,
696 3584 789 3662 1684,
815 3584 910 3660 1726,
937 3580 1044 3666 1978),
1078 3582 1133 3645 446
1155 3583 1271 3666 quibus
1292 3581 1401 3668 4471414,

251 3688 372 3762 exstat,
404 3686 510 3749 cottae
543 3689 577 3750 in
611 3691 733 3752 textum
755 3689 894 3771 recipiet.
930 3687 1013 3751 dicet
1045 3686 1178 3770 aliquis:
1217 3686 1397 3752 differentis

251 3790 395 3871 quamvis
418 3811 516 3872 parva
537 3792 620 3856 inter
636 3791 823 3857 6114444444
846 3791 1025 3877 tragoedias
1048 3796 1080 3855 et
1095 3789 1265 3855 Herculem
1281 3789 1395 3856 Oetae·

250 3915 304 3957 um
326 3895 466 3978 profecto
489 3899 603 3975 exstat,
627 3918 702 3962 nam
723 3919 787 3961 non
809 3895 872 3960 nisi
893 3896 926 3960 in
949 3896 1009 3961 hac
1023 3896 1134 3961 fabula
1159 3917 1395 3980 nonnumquam

321 4047 354 4115 19)
373 4049 386 4101 Ι
403 4049 427 4112 5,
440 4051 487 4104 39:
516 4048 652 4104 traditum
673 4052 716 4104 est
739 4066 850 4120 quoque.
885 4049 1043 4104 Vollmorns
1066 4047 1156 4103 editor
1180 4046 1301 4102 coniecit
1323 4063 1394 4101 cum·

250 4131 307 4184 que.
326 4117 374 4170 sed
393 4121 521 4187 apertum
539 4119 649 4172 videtur
661 4119 789 4174 hocloco
808 4118 875 4173 olim
894 4137 1023 4190 quomque
1040 4117 1186 4172 exstitisse.
1206 4133 1343 4186 quomque,
1361 4119 1394 4170 111

250 4201 341 4254 pauca
353 4188 481 4257 exempla
494 4187 619 4250 afferam,
639 4190 758 4260 legimns
771 4189 862 4245 Plant.
882 4191 983 4244 Bacch.
1002 4191 1062 4253 252,
1082 4188 1162 4256 Oapt.
1181 4191 1240 4252 356,
1259 4189 1319 4252 924,
1332 4185 1393 4248 926,

249 4255 406 4324 927,1’1114.
426 4259 485 4323 451,
505 4259 564 4320 516,
584 4257 695 4313 Terent.
715 4259 798 4314 Andr.
818 4259 859 4324 63,
879 4261 939 4324 488,
957 4259 1060 4313 Heaut.
1080 4259 1139 4314 578.

319 4326 355 4396 ⁸⁰)
375 4327 409 4384 cf.
428 4328 515 4382 etiam
534 4329 594 4383 Birt
613 4331 642 4399 (1.
662 4349 683 4386 s.
701 4349 729 4400 p.
747 4330 818 4400 516).
