2958 4952
807 335 848 398 28

259 509 341 572 enim
376 509 450 574 talis
483 509 649 574 verborum
692 508 922 594 conglutinatio
956 511 1051 574 etiam
1085 510 1118 573 in
1150 507 1401 591 Agamemnonis

256 635 348 677 versu
372 613 455 677 794:

344 716 443 782 ΔΘΑ.
474 718 573 782 credis
597 717 702 780 videre
724 722 756 780 te
778 715 897 781 Ilium?
935 714 1022 781 GAS.
1046 721 1077 780 et
1100 715 1262 781 Priamum
1294 719 1401 782 simul.

258 820 332 884 huic
355 823 459 887 versui
483 845 501 886 a
524 820 642 886 Graeco
665 823 791 885 nomine
814 824 1045 886 excusationem
1068 825 1212 904 paratam
1235 843 1314 900 esse,
1337 821 1402 888 Oc-

256 927 360 988 taviae
382 926 451 990 loco
475 947 494 987 a
515 923 627 989 Latino
650 947 712 989 non
734 927 811 989 item
833 923 894 988 Leo
917 925 996 989 dixit
1020 924 1093 1007 (lp.
1111 926 1152 988 59
1173 925 1243 989 adn.
1271 925 1315 1009 8).
1346 927 1403 990 sed

255 1029 332 1096 haec
355 1032 437 1095 inter
459 1052 572 1094 nomen
594 1030 741 1095 Latinum
765 1035 796 1093 et
812 1029 964 1095 Graecum
988 1030 1164 1094 differentia
1185 1031 1319 1095 minima
1342 1035 1402 1095 est.

255 1157 356 1218 neque
378 1132 430 1198 Fr.
454 1132 560 1197 Ladek
584 1134 617 1216 (l.
636 1155 659 1197 s.
676 1156 706 1216 p.
725 1134 799 1217 102)
823 1155 924 1216 neque
946 1133 1101 1198 Lucienus
1117 1133 1289 1198 Muellerus
1314 1135 1401 1218 (ann.

255 1237 365 1321 philol.
390 1237 441 1312 89,
465 1259 494 1319 p.
520 1236 597 1319 423)
620 1237 681 1300 hoc
712 1237 878 1301 discrimen
911 1242 1048 1301 statuere
1082 1239 1256 1304 voluerunt.
1293 1241 1402 1305 nescio

254 1343 362 1425 igitur,
386 1363 442 1406 cur
458 1340 607 1407 Octaviae
628 1363 736 1405 versus
759 1343 792 1405 in
814 1342 971 1406 codicibus
994 1340 1072 1406 benc
1096 1343 1242 1422 traditus,
1266 1345 1293 1407 si
1309 1343 1403 1428 Aga·

254 1449 427 1512 memnonis
450 1448 606 1531 genuinus
630 1450 686 1523 est,
712 1446 837 1528 spurius
859 1445 1070 1510 aestimandus
1105 1447 1155 1511 sit.
1190 1450 1297 1531 itaque
1328 1471 1402 1513 cnm

255 1549 403 1616 Octaviae
426 1551 560 1634 scriptor
582 1554 630 1614 ter
666 1551 751 1631 (237,
775 1551 849 1628 457,
873 1550 950 1631 468)
983 1553 1161 1615 trimetrum
1194 1555 1307 1617 cretico
1337 1576 1403 1619 non

256 1656 448 1722 coalescente
470 1651 696 1731 terminaverit,
718 1653 807 1718 nulla
829 1654 888 1717 hac
909 1654 942 1716 in
965 1675 999 1716 re
1022 1653 1200 1718 differentia
1225 1662 1341 1722 exstat.

342 1761 403 1827 Sed
417 1761 450 1826 in
466 1759 577 1825 ceteris
588 1758 723 1824 Senecae
735 1759 851 1825 fabulis
867 1780 930 1823 non
945 1757 1131 1822 coalescenti
1146 1762 1258 1825 cretico
1276 1784 1403 1846 semper

255 1867 378 1950 syllaba
398 1867 496 1950 longa
519 1864 684 1941 antecedit,
708 1869 818 1929 contra
839 1865 872 1927 in
889 1862 1020 1928 Octavia
1036 1864 1133 1927 semel
1156 1867 1198 1946 (v.
1216 1865 1279 1931 393
1301 1888 1403 1946 penus

253 1970 398 2052 impium)
415 1975 447 2033 et
462 1970 495 2032 in
507 1967 643 2031 Hercule
655 1965 771 2030 Oetaeo
784 1972 832 2031 ter
845 1969 887 2049 (v.
901 1968 965 2030 406
978 1973 1061 2031 caret
1072 1967 1217 2046 Hercule,
1235 1971 1297 2034 757
1308 1970 1402 2050 seror

254 2075 375 2150 obruto,
401 2071 483 2137 1847
507 2072 599 2135 daret
613 2070 815 2154 1133373346)
839 2071 945 2134 eadem
962 2072 1039 2160 sede
1056 2071 1245 2154 bisyllabum
1270 2076 1401 2140 bibreve

252 2178 438 2243 invenimus
455 2197 554 2259 parva
569 2175 667 2259 igitur
684 2174 861 2239 differentia
877 2175 954 2238 artis
971 2196 1045 2238 sane
1060 2176 1157 2242 adest.
1174 2182 1269 2261 atque
1285 2201 1402 2263 quam·

253 2304 351 2367 quam
373 2280 506 2346 concedo
528 2279 610 2344 hanc
625 2301 691 2344 rem
707 2279 859 2344 momenti
881 2278 1012 2344 alicuius
1029 2301 1104 2358 esse,
1129 2285 1245 2360 tamen,
1269 2285 1296 2347 si
1315 2285 1402 2349 nihil

253 2387 340 2452 aliud
362 2385 491 2463 accedit,
516 2385 681 2449 minimum
706 2384 807 2448 valere
829 2385 984 2449 existimo.
1010 2384 1047 2460 ei,
1072 2386 1127 2468 qui
1149 2385 1230 2451 hanc
1253 2389 1292 2451 ob
1318 2411 1398 2453 cau·

253 2513 320 2556 scm
343 2489 511 2554 Herculem
535 2489 670 2553 alterum
693 2486 827 2552 Senecae
855 2489 1034 2553 abiudicari
1067 2490 1155 2567 uult,
1191 2491 1285 2554 etiam
1307 2489 1400 2578 Aga·

128 2631 130 2638 v
252 2617 386 2672 memno‚
411 2617 483 2659 cum
509 2617 572 2658 non
595 2593 656 2657 nisi
679 2592 710 2654 in
734 2593 794 2658 hac
817 2592 926 2656 fabula
950 2598 981 2656 et
1003 2595 1036 2657 in
1053 2591 1184 2658 Octavia
1200 2595 1398 2679 synaloepha

251 2702 284 2763 in
306 2700 449 2783 personis
472 2698 631 2764 mutandis
654 2698 790 2762 admissa
812 2699 863 2774 sit,
887 2698 1015 2762 insitiva
1038 2697 1178 2762 ducenda
1208 2703 1264 2762 est.
1293 2723 1398 2784 neque

252 2804 379 2887 putabit
401 2803 484 2867 idem
507 2802 694 2866 Phoenissae
718 2801 888 2885 genuinam
909 2803 1106 2885 tragoediam
1129 2823 1213 2880 esse,
1245 2826 1319 2868 nam
1342 2827 1399 2869 sex

252 2908 446 2989 syllabarum
468 2929 530 2971 vox
552 2909 586 2971 in
609 2908 723 2970 senarii
745 2906 807 2970 fine
829 2906 935 2989 posita
958 2904 1104 2970 coalescit
1135 2908 1184 2971 bis
1215 2912 1339 2973 tantum
1364 2911 1398 2973 in

253 3011 435 3076 Phoenissis
458 3017 489 3075 et
513 3017 560 3074 ter
582 3011 615 3073 in
639 3007 769 3073 Octavia
793 3009 846 3092 (cf.
862 3032 893 3091 p.
910 3010 975 3091 25).
1000 3011 1107 3092 itaque
1130 3011 1186 3076 illo
1209 3019 1397 3097 argumento

251 3117 299 3181 uti
321 3119 385 3180 iam
406 3138 469 3179 non
493 3115 576 3179 licet.

339 3220 462 3285 Cretico
484 3241 549 3283 non
572 3219 758 3284 coalescenti
779 3220 812 3283 in
836 3219 973 3283 Hercule
989 3217 1106 3284 Oetaeo
1128 3242 1283 3304 nusquam
1306 3227 1398 3286 ante·

252 3328 359 3392 cedere
381 3324 577 3403 vocabulum,
602 3326 653 3389 oui
675 3325 747 3408 plus
763 3331 826 3390 tres
848 3347 953 3390 morae
977 3328 1049 3403 sint,
1074 3330 1182 3390 contra
1196 3327 1280 3392 idem
1294 3330 1328 3390 in
1343 3350 1397 3392 re-

251 3431 347 3514 liquis
357 3430 529 3512 tragoediis
541 3431 721 3515 saepissime
732 3430 866 3508 admitti,
878 3431 1040 3495 contendit
1051 3427 1172 3494 Birtius
1185 3431 1227 3514 (p.
1245 3433 1309 3496 559
1321 3432 1395 3515 sq.);

250 3537 358 3618 itaque
380 3534 606 3598 emendandum
630 3556 697 3598 esse
720 3535 840 3598 censuit
871 3555 998 3596 versum
1027 3531 1090 3596 ΗΟ
1113 3534 1193 3598 899:
1225 3555 1313 3600 acmo
1336 3557 1395 3600 uo-

250 3659 322 3703 cans
346 3639 409 3702 sibi
432 3639 499 3717 ipsc
519 3657 641 3717 poenas
664 3639 814 3719 obrepat,
846 3639 1031 3721 praesertim
1062 3659 1133 3702 cum
1164 3659 1274 3703 sensus
1302 3639 1395 3722 inep-

250 3741 390 3806 tissimus
415 3746 505 3804 esset.
530 3741 577 3804 vir
593 3741 790 3805 doctissimus
812 3764 884 3806 cum
900 3741 1023 3808 tradita
1047 3742 1141 3806 verba
1164 3742 1306 3828 intellegi
1328 3765 1394 3807 non

250 3847 373 3930 possint
396 3842 592 3909 Gronovium
614 3848 717 3908 totum
739 3865 864 3909 versum
889 3845 1062 3928 genuinum
1084 3867 1150 3910 csse
1180 3845 1261 3912 falso
1293 3848 1393 3913 credi·

250 3951 332 4014 disse
353 3971 409 4014 suo
424 3950 492 4012 iure
506 3949 585 4012 dixit
596 3947 649 4031 ⁴⁸).
673 3948 740 4030 ipse
756 3950 860 4012 autem
877 3948 1029 4013 coniecit:
1054 3971 1141 4014 nemo
1159 3951 1309 4016 innocens
1330 3953 1394 4016 sibi

249 4054 318 4134 ipsse
339 4054 368 4117 a·
384 4073 523 4133 poenum
545 4053 685 4134 obrepat.
709 4073 790 4136 quae
812 4053 925 4132 verba,
959 4056 1102 4137 quamvis
1125 4052 1242 4119 bonum
1265 4078 1391 4122 sensum

318 4240 353 4343 2)
370 4238 507 4309 Exempla
524 4240 593 4322 haec
610 4239 724 4320 collegit
742 4239 914 4295 Schmidtius
933 4244 962 4309 (l.
983 4259 1002 4295 s.
1021 4260 1050 4312 p.
1069 4241 1122 4307 58).

317 4313 354 4451 48)
372 4311 686 4434 gpgppptiilpegpppppiarpl
698 4312 802 4434 iniuria
815 4379 941 4436 defendit
952 4379 1106 4443 Tachavus,
1126 4379 1226 4436 Philon
1244 4383 1278 4437 48
1291 4401 1317 4452 p.
1332 4381 1389 4437 749.
