2958 4952
656 295 698 360 55

95 491 198 534 manre
220 468 296 533 Noa
318 469 408 533 uadit
438 489 532 534 orcus
555 473 587 532 et
610 468 694 534 1884
715 470 784 547 flete
806 469 968 548 Herculis,
991 468 1147 546 Arcaea,
1179 468 1247 533 obl·

96 581 161 652 655,
185 573 335 639 Nondum
358 572 480 640 Phoebe
502 578 647 638 55555565
667 572 780 657 perus)
804 572 962 638 ablativus
985 573 1148 638 absolutus
1171 575 1247 637 sub-

96 682 241 744 stantivo
263 679 417 744 obnoxius
440 680 600 743 invenitur
623 677 676 761 (cf.
700 677 764 742 Ireo
786 676 802 742 I
825 701 855 761 p.
880 677 921 743 57
945 680 978 741 et
998 701 1029 762 p.
1053 676 1118 760 62).
1156 678 1248 742 155115

94 784 185 848 enim
215 781 413 867 intellegitur
444 785 519 866 quid
550 786 644 864 poeta
675 782 767 847 dicat
807 783 845 846 de
867 783 936 847 loeo
957 781 1021 847 ΗΟ
1044 783 1107 848 975
1130 782 1247 865 optime

94 888 273 970 disputavit
295 887 450 952 Melzerus
473 911 504 972 p.
521 887 574 951 31.
599 887 694 952 verba
711 887 794 953 1885
810 888 949 953 555655
965 886 1086 952 Phoebe
1101 892 1247 952 55555565

92 1012 198 1074 penus
221 993 305 1056 dicta
327 997 402 1056 sunt
423 1013 499 1077 pro:
525 991 670 1058 Arcades
691 993 757 1056 lam
785 1012 886 1076 penas
914 997 1007 1058 eruat
1035 1011 1103 1056 cam
1124 990 1246 1056 Phoebe

95 1096 239 1160 croadam
262 1102 339 1160 aulo
363 1101 454 1160 essel.
478 1117 574 1180 quam
596 1097 637 1161 ob
659 1117 726 1160 rem
749 1099 860 1178 poetae
883 1094 969 1160 hunc
991 1094 1169 1160 ablativum
1189 1094 1245 1157 ab·

95 1201 238 1266 solutum
262 1201 311 1265 bis
334 1204 458 1266 tantum
482 1200 659 1266 adhibitum
682 1200 892 1286 ignoscemus.

186 1303 277 1381 Quod
299 1307 494 1388 pronominis
517 1304 691 1389 personalis
716 1327 807 1369 casus
829 1303 994 1388 genetivus
1016 1302 1174 1368 interdum
1206 1303 1246 1366 ad

94 1409 332 1474 substantivum
356 1410 402 1472 ita
424 1410 545 1476 accedit
577 1413 613 1472 56
647 1408 732 1472 ultro
756 1429 825 1472 cum
849 1408 1035 1493 pronomine
1068 1408 1245 1490 possessivo

93 1513 215 1578 mutari
248 1516 351 1598 possit
384 1514 644 1598 vituperaverunt
666 1513 727 1578 Leo
758 1512 787 1597 (Ι
809 1537 840 1597 p.
865 1513 919 1594 64)
948 1516 981 1575 56
1010 1511 1131 1577 Birtius
1161 1514 1195 1592 (l.
1220 1534 1244 1575 s.

92 1640 128 1700 p.
154 1616 238 1697 516).
285 1617 357 1696 loci,
382 1639 461 1701 quos
484 1619 547 1680 iam
570 1616 632 1681 Leo
656 1617 744 1693 vidit,
769 1621 843 1682 sunt
866 1616 914 1680 hi:
938 1612 999 1678 ΗΟ
1016 1614 1078 1680 557
1097 1616 1246 1696 perbibat

91 1720 232 1802 formum
254 1724 315 1786 551
337 1722 501 1803 (flammas
524 1723 586 1786 mel
608 1720 662 1804 Α),
686 1722 750 1785 954
772 1741 855 1784 5555
876 1740 984 1784 oerum
1007 1719 1055 1782 lul
1077 1718 1177 1802 (tuom
1200 1718 1243 1802 Α)

92 1845 227 1907 agnosce
244 1825 378 1907 prolerre,
404 1828 575 1891 1216555
598 1826 669 1905 qais
692 1826 808 1907 565555
831 1825 916 1888 necis
938 1823 1111 1888 Herculeae
1132 1843 1243 1904 saper-

92 1935 142 1996 esl
165 1935 272 1995 oculor
294 1929 360 1993 alal
382 1929 494 1996 deeora
517 1931 597 2008 6519,
623 1931 707 1995 1502
731 1931 802 1994 licet
823 1931 865 1994 all
886 1928 972 2010 falsu
989 1929 1161 2010 progenies
1182 1928 1245 1994 mel

93 2031 189 2116 (milri
211 2030 263 2115 Α).
288 2055 397 2098 versus
421 2034 484 2098 949
508 2035 610 2115 recipe
625 2056 674 2100 me
690 2035 831 2100 comitem
847 2035 906 2098 llbl
921 2034 981 2117 (lul
996 2031 1052 2115 A),
1069 2033 1153 2096 1242
1168 2031 1244 2098 boet

91 2136 194 2200 moles
217 2157 286 2202 mec
308 2145 353 2204 eal
369 2139 443 2223 (mei
465 2145 513 2204 est
535 2139 587 2221 Α),
612 2139 696 2206 1966
718 2139 915 2221 quicquldlu
932 2139 1088 2204 55615651
1105 2136 1243 2202 Mortale

90 2242 200 2322 fuerat
223 2242 310 2323 19515
340 2245 459 2308 euictus
481 2245 555 2310 tulit
576 2243 639 2310 Leo
661 2245 773 2310 afferre
804 2265 868 2308 non
897 2244 1014 2309 debuit.
1046 2263 1121 2306 nam
1147 2242 1245 2307 verba

90 2345 152 2409 libi
175 2343 215 2427 (v.
240 2345 317 2424 949)
341 2351 373 2410 56
394 2369 464 2414 mea
488 2349 531 2430 (5.
559 2350 655 2430 1242)
688 2351 721 2416 15
749 2348 777 2412 Ε
800 2351 918 2414 tradita
948 2349 1026 2412 satis
1054 2353 1128 2432 apte
1159 2348 1243 2414 dicta

90 2453 170 2514 sunt
192 2456 223 2515 56
245 2473 274 2515 v.
300 2451 383 2516 1966
406 2455 588 2536 genetivum
612 2453 677 2539 legi
699 2475 826 2519 necesse
849 2457 914 2530 556;
949 2455 1065 2536 pendet
1088 2452 1171 2516 enim
1195 2452 1244 2516 tal

89 2578 111 2620 e
134 2555 349 2638 5565551691).
397 2558 533 2641 primum
556 2579 667 2623 moneo
689 2559 783 2636 locos,
816 2579 888 2623 cum
910 2558 1002 2622 modo
1031 2557 1065 2621 15
1087 2557 1125 2633 Ε,
1150 2557 1242 2620 modo

88 2661 126 2724 in
150 2659 181 2724 A
203 2661 399 2742 pronominis
414 2662 587 2745 personalis
612 2663 778 2748 genetivus
792 2684 850 2745 pro
865 2663 1042 2745 possessivo
1057 2661 1242 2743 pronomine

88 2768 206 2839 exstet,
229 2765 392 2830 nonsatis
415 2771 516 2830 certos
538 2787 615 2830 esse.
655 2766 766 2831 deinde
787 2764 849 2831 Leo
872 2765 939 2851 ipse
969 2765 1119 2832 concessit
1147 2764 1241 2830 huius

87 2869 233 2952 genetivi
256 2891 347 2936 usum
370 2872 425 2954 qui
447 2870 568 2935 mediae
589 2871 759 2938 latinitatis
791 2871 996 2954 scriptoribus
1022 2870 1242 2954 frequentatus

86 2973 146 3050 516,
170 2979 253 3039 certe
275 2973 461 3060 plerumque
483 2974 687 3041 librariorum
711 2976 804 3060 culpa
827 2979 933 3041 ortum
955 2997 1031 3041 5555.
1067 2979 1136 3040 tum
1158 2974 1242 3058 apud

88 3075 246 3142 Senecam
268 3079 436 3158 rhetorem,
462 3079 619 3158 Ovidium,
643 3079 831 3165 Vergilium,
865 3079 1025 3144 Catullum
1047 3079 1174 3144 eandem
1199 3077 1240 3144 li-

86 3181 231 3244 centiam
254 3183 422 3246 admissam
445 3206 512 3248 esse
534 3185 617 3250 idem
645 3187 693 3248 vir
725 3186 924 3250 doctissimus
946 3184 1035 3248 vidit.
1074 3188 1105 3248 56
1136 3185 1241 3249 555515

86 3307 134 3351 an
157 3285 234 3349 haec
256 3285 423 3363 sufficiant,
456 3292 491 3351 ut
514 3287 574 3351 loci
596 3289 645 3352 illi
676 3294 871 3353 excusentur.
911 3287 964 3352 sed
995 3310 1095 3372 pauca
1128 3289 1240 3353 addere

85 3410 269 3476 possumus.
307 3389 461 3455 Melzerus
490 3396 573 3456 recte
600 3394 679 3457 dixit
712 3396 754 3476 (p.
779 3393 833 3469 32)
869 3394 1015 3476 genetivo
1049 3392 1240 3475 pronominis

87 3495 264 3578 personalis
287 3517 454 3582 personam
478 3497 606 3581 gravius
629 3499 729 3580 premi
745 3519 840 3581 quam
855 3497 1038 3581 pronomine
1053 3498 1238 3583 possessivo.

87 3601 152 3664 hac
175 3599 213 3664 de
235 3623 329 3665 causa
351 3600 501 3666 Deianira
524 3601 601 3665 dicit
624 3600 734 3685 (555):

621 3706 648 3769 si
672 3727 749 3788 quas
772 3707 863 3771 decor

195 3806 277 3872 Ioles
299 3809 414 3872 inussit
435 3812 556 3892 pectori
580 3809 737 3876 Herculeo
760 3811 844 3876 faces

196 3913 345 3996 extingue
367 3917 460 3992 totas,
485 3916 631 3999 perbibat
654 3915 790 3981 formam
813 3917 901 3992 mei,
927 3914 1004 3996 (non
1027 3913 1133 3996 Ioles).

88 4017 151 4082 hac
174 4019 212 4081 de
236 4038 330 4081 causa
352 4016 465 4082 chorus
481 4017 650 4083 Herculem
673 4018 846 4103 alloquitur
863 4017 966 4082 verbis
987 4019 1038 4082 his
1061 4015 1193 4098 (1216):

88 4150 217 4193 nascente
234 4137 351 4191 Hercule
370 4138 434 4192 Noa
459 4139 509 4192 illa
533 4145 606 4194 certo
625 4145 670 4194 ast.
707 4139 756 4193 ssd
777 4139 807 4192 in
826 4137 849 4191 a
868 4138 1007 4193 traditum
1027 4139 1070 4191 556
1094 4138 1149 4191 aloe
1172 4123 1237 4192 551-

87 4214 189 4264 5556555
209 4207 469 4274 Heracleaene.
506 4211 535 4261 56
556 4212 577 4260 Α
596 4208 713 4277 praebet
739 4209 794 4263 aloe
818 4214 941 4264 aasceate
959 4207 1076 4262 Hercule
1100 4207 1163 4262 Noa
1187 4208 1237 4262 illa

88 4289 164 4333 cerco
182 4282 227 4331 eal.
264 4276 361 4344 itaque
381 4276 427 4330 bic
450 4279 528 4331 locus
545 4276 630 4331 nimis
651 4278 751 4332 dubius
771 4281 820 4332 est.

161 4345 195 4415 ⁹¹)
215 4348 308 4400 locum
327 4351 402 4402 recta
421 4347 624 4418 interpretatus
643 4352 686 4404 est
704 4348 839 4402 Melrarus
858 4365 885 4418 p.
906 4348 921 4400 9
943 4345 1006 4400 adn.
1027 4347 1052 4406 2.
