2958 4952
837 312 876 375 16

563 485 638 551 olim
658 487 793 568 petitum
816 486 927 550 cecidit
949 490 1004 550 aut
1026 487 1145 569 puriter
1167 488 1262 552 lnbut.

566 594 651 654 uetus
674 592 770 654 citato
793 590 897 655 senior
919 591 1035 674 eripuit
1056 593 1158 676 gradu

562 701 725 778 materque
747 698 882 761 multum
904 696 1010 778 rapuit
1031 718 1069 761 ex
1091 696 1147 760 illo
1169 696 1249 760 mihi
1261 693 1313 779 ²⁵).

283 801 385 882 inepte
414 801 569 866 redundat
601 801 686 865 loeus
718 807 747 864 el
773 802 944 882 pueriliter
975 802 1120 866 lunnriut
1152 801 1247 885 (apud
1275 801 1387 867 Scriv.
1412 825 1461 884 ps

284 904 371 988 347).
406 910 440 969 nt
472 906 617 989 equidem
646 910 769 970 tuntum
798 906 956 970 luxuriam
989 927 1051 970 non
1082 907 1182 971 video.
1213 907 1299 990 quod
1320 907 1361 969 in
1390 929 1440 970 eu-

284 1011 353 1074 dem
377 1011 533 1074 sententie
556 1014 587 1074 et
603 1011 722 1089 eripuit
744 1015 775 1074 et
796 1013 907 1090 rapuit
928 1011 1115 1087 invenimus,
1139 1033 1202 1075 non
1217 1009 1256 1074 ab
1278 1033 1343 1074 usu
1362 1031 1439 1094 poe-

284 1113 347 1176 tico
379 1113 528 1178 abhorret
551 1117 583 1178 et
617 1136 721 1179 rerum
754 1135 938 1198 progressus
971 1119 1018 1178 est
1053 1115 1167 1198 plenus
1195 1137 1296 1199 neque
1332 1116 1439 1180 ullam

283 1221 413 1302 praebet
436 1221 649 1284 offensionem.
675 1259 715 1266 -

370 1323 409 1387 D.
435 1323 585 1389 Heinsius
608 1326 635 1387 si
658 1325 708 1389 his
731 1325 926 1408 temporibus
937 1323 1077 1404 vixisset,
1095 1345 1203 1388 versus
1222 1324 1315 1401 1792,
1335 1323 1439 1390 1890.

285 1428 368 1492 1697
385 1450 443 1513 sq.¹
466 1450 538 1493 cum
560 1429 625 1493 inm
647 1429 700 1493 diu
723 1429 880 1493 emendati
902 1430 981 1507 sint,
1013 1451 1075 1493 non
1099 1427 1354 1511 reprehendisset
1384 1427 1439 1510 (cf.

177 1537 179 1544 '
282 1555 312 1615 p.
331 1532 417 1614 345).
437 1553 453 1595 e
481 1533 555 1615 quia
568 1533 668 1596 eidem
683 1532 750 1598 viro
762 1533 942 1598 doctissimo
958 1533 1054 1599 codex
1070 1531 1274 1598 Florentinus
1290 1533 1440 1595 nondum

283 1641 377 1701 notus
412 1641 497 1714 eret,
532 1639 628 1700 etiem
662 1639 695 1700 in
729 1639 870 1702 versibus
901 1638 962 1701 761
993 1637 1132 1702 et1599
1165 1637 1293 1700 haerere
1327 1638 1439 1719 potuit

284 1740 327 1824 (p.
345 1741 407 1805 347
432 1747 463 1805 et
479 1741 565 1824 344).
590 1764 648 1807 nec
670 1740 839 1807 Richterus
862 1746 947 1820 tunc,
972 1761 1041 1805 cum
1066 1741 1211 1805 libellum
1234 1762 1296 1823 quo
1320 1741 1359 1808 de
1381 1741 1439 1805 Se·

283 1866 360 1910 neca
382 1846 616 1928 tragoediarum
640 1852 767 1911 unct-ore
789 1849 896 1930 agitur
919 1846 1052 1929 scripsit,
1077 1845 1246 1910 Etruscum
1270 1845 1350 1908 setis
1377 1867 1438 1908 no·

283 1952 329 2014 vit
352 1950 394 2033 (p.
413 1949 479 2033 26).
504 1950 571 2032 ipse
593 1971 719 2032 quoque
741 1951 774 2012 in
797 1972 888 2013 versu
906 1950 1007 2013 1595:
1026 1969 1150 2030 passus
1174 1948 1369 2030 aspondius
1398 1951 1438 2012 ti-

283 2055 404 2119 tubavit
425 2054 548 2118 Atlas?
570 2054 678 2118 eudem
700 2055 737 2117 de
760 2074 854 2118 causo
877 2075 913 2117 ac
935 2052 974 2116 D.
992 2053 1142 2117 Heinsius
1165 2053 1304 2117 offendit.
1330 2054 1438 2117 credi·

283 2159 329 2222 dit
357 2159 441 2222 enim
464 2159 683 2224 Florentinum
717 2157 865 2240 praebere
898 2158 1020 2235 lassus,
1054 2158 1222 2224 editionem
1254 2158 1437 2240 principem

277 2282 408 2342 possus.
434 2262 487 2326 sed
511 2284 582 2328 cum
605 2283 706 2344 neque
729 2261 838 2325 lucens
853 2282 954 2343 neque
972 2282 1095 2343 possus
1117 2262 1144 2326 ei
1160 2261 1343 2344 placuisset,
1366 2262 1437 2342 fus·

283 2381 339 2430 sus
362 2368 455 2431 scribi
478 2368 587 2431 voluit.
620 2366 799 2448 opinionem
825 2388 915 2430 sunm
942 2371 978 2430 ut
1001 2367 1191 2444 defenderet,
1215 2371 1359 2430 statuere
1385 2367 1436 2430 de

285 2470 353 2534 buit
376 2471 476 2535 active
491 2472 631 2555 positum
655 2491 723 2534 esse
745 2471 905 2535 titubandi
919 2469 1049 2535 verbum
1072 2492 1131 2554 pro
1148 2471 1327 2554 quatiendo.
1354 2471 1436 2536 haec

281 2575 382 2658 igitur
404 2576 586 2640 coniectura
608 2597 735 2659 prorsus
758 2576 913 2641 reiciendo
936 2582 983 2641 est
1006 2580 1037 2640 et
1060 2598 1162 2658 nuper
1177 2575 1348 2639 Richterus
1365 2577 1436 2658 ipse

276 2698 398 2760 possus
413 2681 445 2742 in
466 2684 589 2745 textum
606 2683 734 2764 recepit,
754 2681 836 2764 quod
852 2682 919 2744 sine
935 2681 1030 2746 dubio
1051 2681 1129 2744 satis
1147 2683 1220 2761 epte
1234 2679 1358 2744 dictum
1376 2687 1435 2746 est.

369 2788 435 2852 ΗΟ
452 2785 533 2847 424:
766 2805 860 2847 causa
881 2784 1020 2847 bellandi
1043 2788 1090 2847 est
1114 2804 1212 2848 umor.

558 2889 676 2952 totiens
699 2889 825 2952 timebit
840 2887 970 2952 Herculi
992 2892 1099 2952 nutum
1122 2911 1235 2973 parens

562 2993 705 3077 quotiens
727 2993 865 3076 negavit,
889 2993 988 3056 hostis
1012 2996 1059 3056 est
1080 2992 1224 3075 quotiens
1244 3013 1338 3056 socer

556 3098 625 3162 fieri
649 3103 791 3162 recusat:
815 3098 841 3160 si
866 3119 962 3180 gener
984 3118 1046 3161 non
1072 3094 1171 3180 fit²⁶),
1195 3097 1277 3160 ferit.

283 3204 361 3268 hoec
384 3204 480 3267 verba
502 3201 542 3266 D.
567 3203 699 3267 Heinsio
728 3224 876 3267 nauseam
906 3206 1073 3267 moverunt
1096 3200 1139 3285 (p.
1160 3200 1247 3284 347),
1276 3201 1330 3265 sed
1352 3201 1433 3284 quid

281 3310 525 3390 vituperandum
549 3308 599 3386 sit,
624 3329 687 3372 non
710 3307 798 3372 dixit.
823 3329 918 3391 quum
942 3309 1072 3374 obrem
1096 3307 1136 3370 de
1158 3306 1217 3371 hoc
1239 3305 1308 3370 loco
1332 3306 1434 3370 verbs

282 3413 385 3477 fecere
408 3411 516 3477 nolim.

369 3515 434 3580 ΗΟ
457 3517 538 3580 644:
562 3538 688 3600 caespes
711 3517 807 3602 Tyrio
830 3517 956 3583 mollior
977 3522 1063 3581 ostro

561 3623 642 3685 solet
664 3622 838 3704 impavidos
861 3621 972 3686 ducere
995 3641 1120 3684 somnos

283 3723 324 3788 D.
346 3722 497 3787 Heinsius
521 3727 692 3808 caespitem
713 3747 857 3790 somnum
881 3726 994 3789 ducere
1009 3745 1102 3806 posse
1124 3721 1254 3807 negavit
1278 3719 1319 3804 (p.
1338 3722 1428 3804 346),

283 3828 336 3893 sed
351 3828 482 3904 iniuric3
499 3851 573 3892 nem
585 3850 711 3894 somnos
722 3829 834 3893 ducere
845 3849 908 3892 non
920 3828 1021 3892 solum
1034 3827 1172 3891 dormire
1184 3825 1343 3910 significet
1355 3823 1429 3908 (hoe

282 3931 376 3995 modo
387 3933 527 4016 loquitur
537 3932 700 4017 Vergilius
711 3931 791 3997 Aen.
803 3930 850 3997 IV
860 3931 937 3996 560:
949 3935 1022 3994 unic
1034 3930 1104 4012 dea,
1111 3933 1203 4010 poles
1214 3929 1270 3992 lenc
1281 3927 1338 3991 snb
1350 3946 1428 3992 casu

282 4035 393 4101 ducem
415 4039 563 4116 somnos),
587 4039 641 4102 sed
656 4039 752 4101 etiam
766 4055 892 4101 somnos
913 4035 1026 4118 afferre
1049 4035 1099 4098 vel
1120 4052 1245 4098 somnos
1268 4032 1427 4096 inducere.

354 4173 388 4240 ²⁶)
408 4172 453 4227 Sic
479 4173 630 4242 legendum
657 4190 716 4228 esse
742 4173 813 4227 mihi
837 4172 970 4243 probavit
997 4173 1033 4226 M.
1058 4170 1210 4225 Muellerus
1237 4168 1279 4238 (in
1307 4166 1429 4222 Senecae

282 4242 443 4313 tragoedias
461 4245 638 4325 quaestiones
656 4244 771 4325 criticos
787 4261 813 4312 p.
834 4245 868 4298 43
881 4247 939 4312 sq.).
983 4312 988 4323 Ι
1027 4310 1044 4322 ..
1373 4307 1378 4318 Ι

349 4313 387 4436 ἵ)
405 4313 605 4438 tFitgtlegrmus
632 4331 666 4368 ex
694 4318 854 4368 coniectura
880 4313 912 4371 N.
939 4313 1046 4366 Hemsu
1073 4311 1102 4380 (l.
1120 4328 1140 4364 s.
1160 4328 1185 4378 p.
1205 4308 1286 4377 444);
1318 4307 1428 4362 codices

282 4399 348 4451 pree
369 4400 404 4437 en
435 4400 449 4438 e
474 4423 481 4437 .
