2958 4952
780 216 822 280 56

500 411 575 453 narn
597 389 668 473 quis
691 390 806 475 dignus
829 390 914 455 necis
936 391 1110 455 Herculeae

502 500 645 578 superest
667 500 775 559 auctor
797 496 859 559 nisi
882 497 994 560 dextra
1015 497 1101 560 tui?

233 621 308 662 nam
331 596 467 663 Hercule
490 599 604 682 dignus
627 604 737 663 auctor
760 599 933 663 Herculeae
960 601 1046 664 necis
1077 600 1276 667 solummodo
1299 603 1392 668 Her·

232 703 317 768 cules
340 704 409 787 ipse
433 705 484 770 ist.
517 704 578 768 hac
601 703 639 767 de
670 725 764 768 causa
785 702 937 768 Deianira
969 706 1082 769 certior
1109 705 1194 770 facta
1226 713 1394 790 quantum

230 809 354 874 facinus
378 810 571 874 commiserit
594 812 669 875 dicit
693 808 802 893 (952);

736 913 815 977 adde
838 934 888 975 me
911 913 1057 977 comitem
1080 915 1153 992 tuis,

313 1065 318 1073 .
411 1014 545 1079 Threica
567 1016 712 1093 coniunx,
736 1016 924 1092 sceleribus;
946 1022 1054 1080 natam
1076 1023 1174 1094 tuam,

410 1118 548 1183 Althaea
568 1123 679 1196 mater,
703 1121 815 1201 recipe,
838 1141 922 1184 nunc
943 1142 1050 1184 veram
1073 1121 1143 1184 tui

410 1245 544 1308 agnosce
566 1224 696 1308 prolem.

236 1329 358 1416 prolem
381 1331 467 1408 tui,
492 1351 572 1413 quae
595 1328 836 1393 sceleratissima
857 1329 977 1394 femina
998 1330 1098 1393 fuisti.

322 1433 433 1498 Restat
454 1434 541 1497 locus
566 1434 650 1498 1502
675 1433 745 1497 dicet
767 1434 809 1496 sit
830 1432 917 1512 falsa
936 1434 1106 1516 propendes
1127 1434 1188 1498 mei
1211 1432 1307 1517 (midi
1332 1433 1393 1516 Α),

237 1537 292 1624 qui
314 1537 411 1601 simili
434 1537 635 1602 excusatione
658 1541 752 1600 caret.
798 1538 907 1618 itaque
944 1538 1035 1602 credo
1067 1537 1127 1602 hoc
1160 1539 1230 1602 loco
1261 1538 1327 1601 mei
1352 1559 1395 1602 ex

235 1643 315 1708 midi
338 1645 543 1725 depravatum
568 1661 644 1704 esse.
684 1639 757 1702 talis
787 1642 870 1703 euim
894 1662 982 1705 error
1003 1641 1155 1706 facillime
1178 1644 1304 1706 evenire
1329 1665 1394 1725 po·

236 1754 327 1826 terat,
350 1745 439 1811 velut
460 1745 525 1810 HO
548 1747 610 1809 949
634 1744 771 1830 legimus
794 1747 828 1810 in
850 1746 878 1810 Ε
901 1747 1004 1825 recipe
1025 1766 1073 1808 me
1095 1746 1233 1809 comitem
1254 1747 1328 1824 tibi,
1358 1747 1395 1809 in

236 1853 267 1918 A
290 1855 395 1915 autem
418 1851 556 1914 comitem
579 1850 636 1912 tui.
660 1850 794 1912 fortasse
817 1872 853 1913 eo
875 1870 1012 1933 quoque,
1036 1851 1123 1932 quod
1145 1851 1197 1914 hic
1218 1850 1276 1914 tibi
1298 1851 1340 1914 in
1364 1851 1395 1914 Ε

236 1956 388 2020 traditum
411 1960 467 2032 est,
492 1955 598 2036 opinio
621 1974 691 2016 mea
712 1952 844 2036 paulum
867 1954 1055 2018 affirmatur.
1083 1955 1191 2038 itaque
1207 1955 1302 2018 etiam
1329 1953 1395 2018 hoc

236 2061 459 2142 argumentum
482 2056 666 2134 refellimus,
696 2059 780 2140 quod
801 2057 901 2122 levius
924 2080 991 2124 esse
1014 2060 1076 2124 Leo
1099 2061 1166 2142 ipse
1190 2063 1395 2123 concesserat

239 2162 276 2247 (1.
301 2185 331 2245 p.
357 2161 420 2244 70).
445 2165 606 2246 praeterea
628 2162 691 2226 alia
713 2183 807 2226 causa
828 2163 964 2226 inveniri
986 2167 1101 2247 potest,
1130 2185 1186 2226 cur
1214 2161 1288 2225 huic
1308 2183 1392 2246 pro·

238 2267 373 2331 nominis
396 2265 569 2351 personalis
592 2266 663 2330 usui
686 2267 777 2330 venia
800 2267 967 2331 tribuenda
989 2268 1032 2330 sit
1054 2266 1107 2349 (cf.
1130 2271 1212 2350 part.
1237 2265 1338 2348 tert).

327 2370 398 2456 Age
420 2391 504 2434 nunc
526 2371 583 2434 illa
605 2371 768 2435 videamus
791 2393 871 2455 quae
894 2372 1015 2436 Birtius
1044 2373 1220 2455 castigavit.
1259 2371 1314 2454 qui
1341 2371 1395 2435 vir
1474 2405 1475 2438 1

240 2479 439 2544 doctissimus
461 2477 501 2539 ad
522 2474 587 2539 ΗΟ
612 2477 673 2540 104
707 2475 782 2559 (par
809 2477 860 2540 dle
882 2482 927 2540 est
950 2477 1075 2557 superis
1097 2480 1150 2540 edi
1166 2477 1294 2558 puriter
1315 2476 1394 2539 dies

242 2583 288 2646 Et
310 2582 443 2662 fortuna
462 2578 540 2662 fuit)
562 2580 726 2643 adnotavit
760 2581 802 2664 (p.
828 2581 923 2664 533);
954 2603 1002 2646 wo
1037 2582 1100 2644 fast
1128 2579 1390 2646 unverstsndnch

240 2688 302 2752 fuit
324 2690 438 2772 gesagt
459 2687 501 2749 ist
524 2687 602 2749 statt
626 2706 692 2748 esse
714 2683 885 2767 desiiset,
912 2686 965 2749 sed
980 2687 1043 2750 iam
1065 2684 1107 2749 N.
1132 2685 1284 2750 Heinsius
1307 2684 1388 2748 dixit

242 2792 274 2875 (l.
299 2814 323 2856 s.
347 2813 377 2871 p.
395 2789 472 2868 436)
497 2790 652 2853 traditam
674 2791 833 2854 lectionem
857 2809 920 2853 000
936 2796 1047 2854 temere
1063 2788 1297 2854 sollicitandum
1311 2807 1387 2851 esse.

241 2895 321 2958 vidit
344 2893 427 2957 enim
450 2893 528 2955 duos
543 2893 677 2976 Vergilii
700 2893 784 2958 locos
806 2892 883 2957 hos:
907 2894 961 2957 sed
983 2894 1113 2974 fortuna
1125 2893 1190 2972 fuit
1217 2892 1310 2977 (Aen.
1325 2891 1387 2958 VH

242 2997 318 3081 413)
343 3002 374 3061 et
395 2995 516 3077 fuimus
542 2997 648 3076 Troes,
672 2997 735 3077 fait
751 2997 850 3061 Ilium
874 2996 966 3079 (Aen.
982 2997 1117 3082 11335).
1152 3017 1388 3079 nonnumquam

244 3104 345 3188 igitur
365 3102 467 3181 faisse
488 3103 571 3167 idem
594 3102 754 3188 significat
768 3103 860 3187 ·quod
885 3123 953 3168 esse
968 3105 1110 3168 desiisse.
1134 3102 1278 3167 conferas
1294 3102 1389 3166 etiam
1472 3119 1473 3122 ’

243 3206 368 3272 Melzer.
393 3228 423 3290 p.
448 3204 557 3290 32133.

328 3311 366 3376 In
389 3311 526 3375 Hercule
548 3310 665 3377 Oetaeo
688 3314 855 3379 verborum
877 3320 972 3395 quota
995 3319 1041 3376 est
1071 3316 1103 3375 et
1132 3314 1231 3375 citam
1259 3309 1391 3374 reddere

242 3437 344 3493 nsum,
369 3416 423 3499 qui
446 3414 548 3479 Birtio
578 3417 739 3500 displicuit
770 3419 813 3502 (p.
839 3419 902 3485 533
925 3422 1009 3500 etp.
1033 3415 1121 3497 534),
1153 3415 1193 3480 ab
1217 3413 1390 3480 Annaeano
1472 3441 1473 3446 ¹

244 3541 307 3584 non
330 3519 501 3582 abhorrere
524 3519 750 3587 demonstravit
772 3522 926 3587 Melzerns
952 3522 995 3605 (p.
1013 3522 1078 3602 32).
1103 3520 1173 3583 vide
1189 3520 1285 3584 etiam
1308 3517 1390 3583 infra

244 3625 288 3707 (p.
312 3622 408 3705 tert).

285 3784 288 3792 .
330 3725 418 3790 Idem
440 3721 561 3788 Birtius
584 3726 616 3788 in
639 3727 757 3810 plurali
779 3729 891 3810 populi
912 3731 1015 3794 haesit
1037 3751 1067 3812 p.
1093 3727 1231 3803 5371381
1271 3725 1390 3792 Ueber·

244 3831 354 3914 haupt,
378 3828 491 3912 inquit,
514 3829 650 3892 braucht
672 3833 727 3895 der
742 3832 874 3897 Dichter
890 3833 989 3898 dieses
1005 3833 1163 3897 Herkules
1185 3833 1250 3896 fast
1265 3833 1391 3915 st'dndig

244 3932 459 3999 bombastisch
482 3933 542 3997 den
569 3932 677 3999 Plura]
703 3937 813 4020 populi
840 3937 879 4002 cf.
906 3960 933 4002 v.
960 3939 1053 4015 1586,
1086 3936 1180 4014 1818,
1215 3936 1297 4001 1811
1328 3937 1391 4002 und

248 4041 331 4104 1536
355 4060 450 4124 sogar
473 4037 610 4103 Arcades
632 4042 743 4125 populi
766 4045 891 4121 vetusti,
922 4044 1015 4120 1018,
1046 4043 1138 4120 1918,
1172 4041 1265 4121 1993,
1298 4041 1389 4117 1335,

248 4144 311 4208 855
334 4144 400 4206 11111
421 4146 518 4220 sonat,
542 4144 678 4210 seltener
700 4149 760 4212 den
784 4146 933 4232 Singular
955 4149 1014 4211 wie
1038 4147 1136 4223 1541;
1171 4147 1315 4231 dagegen
1337 4145 1391 4208 hat

319 4277 354 4348 92)
374 4277 427 4331 1100
445 4274 576 4331 Tachavo
596 4290 706 4341 quoque
724 4273 874 4328 molestum
893 4277 961 4339 erat,
981 4272 1082 4327 Philol.
1100 4276 1134 4328 46
1153 4292 1180 4343 p.
1199 4272 1259 4328 381.

1473 4139 1475 4262 1
