2958 4952
827 272 867 336 18

276 450 351 532 (1.0.
375 445 572 531 0738001.
619 445 707 510 ouius
738 451 924 529 argumenta
953 468 1023 510 oum
1055 447 1117 509 iam
1140 446 1296 512 Melzerus
1319 451 1434 514 maxi·
1470 467 1471 524 ἢ

274 575 358 617 mam
374 554 406 617 in
422 554 543 634 partem
560 548 764 612 infirmaverit
788 548 830 631 (p.
848 547 913 630 27),
936 570 1036 630 pauca
1052 548 1221 632 adiungere
1237 552 1336 615 verba
1360 555 1433 618 suf-

274 657 349 722 ficit.
373 656 420 720 vir
435 656 632 720 doctissimus
647 655 679 716 in
696 674 731 716 eo
747 653 886 729 offendit,
908 654 991 736 quod
1006 657 1098 735 poeta
1113 653 1259 719 Bistones
1275 655 1434 722 Hebrum

275 762 448 827 accolentes
472 758 628 841 (01042)
651 761 683 820 01
707 756 802 821 Getas
825 757 859 821 in
882 754 1034 842 Rhodope
1056 756 1236 822 habitantes
1261 759 1305 842 (v.
1324 762 1434 838 1032,
1470 823 1471 834 ,

276 866 373 945 1092)
404 864 488 928 feeit.
519 863 595 926 item
625 862 756 926 credidit
784 862 827 945 (p.
846 860 920 944 743)
944 859 1008 924 ΗΟ
1033 862 1092 925 161
1124 860 1258 926 Parthos
1289 887 1434 947 prorsus
1470 903 1471 960 3

275 972 379 1054 inepte
395 967 642 1043 commemorari,
666 988 729 1049 qua
744 987 778 1028 re
801 966 896 1030 simul
911 968 1021 1030 eontra
1042 970 1220 1048 temporum
1233 968 1433 1050 regionum·
1470 967 1471 980 ¹

274 1097 334 1158 que
350 1073 502 1137 rationem
518 1074 663 1154 peccetur
674 1067 725 1152 ²⁸).
759 1072 807 1132 vir
823 1069 1019 1134 doctissimus
1042 1070 1069 1132 si
1091 1069 1186 1147 10000,
1209 1093 1287 1154 quos
1304 1071 1376 1138 Leo
1405 1075 1434 1157 (Ι

273 1203 304 1264 p.
322 1178 384 1241 202
401 1174 471 1258 sq.)‚
496 1173 650 1238 Melzerus
673 1175 717 1257 (p.
744 1174 809 1258 28),
833 1173 868 1237 F.
887 1172 1098 1257 Herderns¹⁹)
1132 1176 1174 1260 (p.
1199 1177 1277 1257 451)
1302 1180 1433 1243 attule-

274 1285 357 1358 runt,
381 1281 533 1364 inspicere
548 1278 712 1361 potuisset,
736 1277 834 1342 talem
849 1277 1085 1363 neglegentiam
1107 1280 1259 1346 aSeneoa
1281 1281 1431 1350 alienam

274 1409 340 1451 esse
362 1407 425 1449 non
448 1382 586 1447 dixisset.

360 1488 424 1552 ΗΟ
450 1488 548 1553 10400
573 1493 604 1551 01
626 1489 700 1551 dum
723 1487 907 1552 fluminibus
930 1510 1017 1552 mora
1040 1493 1097 1567 est,

572 1593 720 1656 defecisse
742 1595 857 1675 putant
881 1590 978 1655 Getae

572 1695 714 1760 Hebrum
738 1695 885 1759 Bistones
908 1695 1022 1759 ultimi.

275 1801 441 1868 Goebelius
464 1801 642 1866 adnotavit:
677 1800 781 1881 quid?
814 1800 897 1880 qood
918 1800 1071 1864 Bistones
1094 1800 1236 1866 Hebrum
1267 1803 1430 1884 defecisse

268 1907 407 1987 putarit!
428 1905 590 1981 nimirum,
614 1905 645 1967 si
662 1909 745 1967 totus
765 1905 886 1981 fluvios
901 1911 1062 1985 tamquam
1078 1925 1218 1985 persono
1233 1909 1333 1986 stetit,
1360 1931 1428 1974 000

272 2011 366 2074 aliter
387 2009 422 2072 id
442 2009 514 2089 fieri
532 2007 646 2088 potuit,
678 2008 746 2071 uisi
767 2012 804 2069 ut
826 2008 1008 2070 0001100001
1027 2009 1148 2087 flumen
1170 2015 1269 2074 staret
1291 2034 1312 2074 0
1336 2013 1428 2092 fonte

271 2134 368 2195 osque
391 2115 434 2177 od
457 2114 548 2189 ostio,
578 2132 633 2175 000
664 2111 770 2174 animo
801 2113 923 2191 concipi
946 2117 1053 2191 potest
1081 2133 1216 2193 usquam
1244 2117 1291 2178 ito
1313 2139 1427 2198 aquas

273 2219 430 2282 discissos
453 2217 569 2287 fuisse.
592 2222 628 2278 eit
651 2215 752 2278 attera
771 2221 1063 2295 perscrutaretur,
1086 2217 1187 2281 attero
1207 2220 1330 2298 flueret,
1357 2226 1427 2288 sice

272 2327 306 2386 iet
328 2342 463 2402 usquam
478 2341 562 2400 aquo
584 2320 737 2400 deficeret,
761 2321 984 2384 intermitteret.
1032 2327 1141 2386 eontra
1162 2327 1358 2390 monendum
1376 2332 1426 2391 est

271 2432 398 2510 poetam
420 2425 547 2489 omniuo
569 2446 633 2488 non
648 2425 749 2488 dicere
771 2428 874 2488 totum
889 2423 1007 2488 fiumen
1031 2427 1164 2490 stetisse.
1193 2428 1304 2508 undae,
1337 2453 1425 2515 quae

271 2553 368 2615 prope
390 2528 551 2612 Orpheum
575 2529 693 2605 fluunt,
727 2551 798 2592 cum
820 2535 997 2606 morentur,
1027 2530 1095 2594 fieri
1116 2552 1179 2593 non
1200 2538 1314 2614 potest,
1341 2538 1424 2619 quin

271 2635 389 2700 fiumen
411 2636 566 2720 paulatim
591 2657 629 2698 ex
652 2635 741 2698 ostiis
765 2634 889 2698 deficiat
912 2634 964 2718 (of.
988 2633 1159 2698 Melzerum
1182 2662 1213 2721 p.
1231 2639 1297 2721 27).
1330 2662 1371 2704 ac
1395 2643 1424 2704 si

271 2740 330 2802 tibi
352 2739 467 2803 mirum
490 2739 613 2802 videtur
635 2739 766 2802 alteram
781 2737 919 2802 fluminis
942 2742 1064 2822 partem
1081 2740 1258 2818 subsistere,
1282 2743 1422 2810 alteram

270 2844 376 2920 fluere,
390 2862 500 2906 revoco
512 2847 543 2904 te
555 2843 595 2905 ad
607 2841 736 2905 Medeae
746 2840 860 2918 locum,
874 2864 966 2925 quem
979 2864 1074 2925 supra
1087 2844 1130 2927 (p.
1149 2845 1420 2929 numerantem.

358 2944 493 3010 Versum
509 2945 573 3008 ΗΟ
590 2945 693 3010 1059:
718 2951 744 3008 et
775 2965 903 3025 serpeus
936 2945 1074 3010 10101000
1107 2948 1189 3028 sopit
1211 2951 1238 3013 si
1260 2972 1420 3034 ponamus
1469 3025 1470 3030 .

272 3055 432 3134 serpentes
455 3049 593 3113 latebras
616 3071 686 3113 raro
708 3049 887 3133 relinquere
910 3051 1020 3128 001000,
1045 3052 1136 3116 facile
1157 3055 1301 3139 intellegi
1323 3079 1420 3138 posse
1469 3069 1470 3140 ξ

271 3155 424 3220 Μο100000
452 3159 535 3218 00010
568 3154 648 3217 dixit
671 3153 713 3237 (p.
731 3156 796 3234 27).
843 3154 897 3218 sed
927 3177 997 3220 cum
1027 3157 1170 3241 exempla
1198 3160 1419 3241 0000111011,

272 3261 367 3323 affero
391 3260 485 3322 haee:

318 3363 390 3426 0001.
411 3364 489 3426 152:
513 3360 649 3443 perdidit
670 3365 790 3443 pestem
814 3359 972 3426 latebrosa
982 3362 1021 3445 ³⁰)
1046 3385 1182 3446 serpens

315 3467 399 3531 Meo.
414 3466 490 3528 684:
742 3470 843 3530 tracta
865 3468 997 3550 magicis
1019 3468 1162 3532 cantibus

428 3568 618 3652 squamifera
639 3570 769 3634 latebris
792 3572 885 3634 turba
907 3572 1037 3634 desertis
1059 3571 1155 3636 adest.
1468 3605 1469 3626 1

316 3673 394 3738 Stat.
412 3673 510 3737 Theb.
527 3671 559 3735 11
573 3674 655 3736 410:
680 3674 811 3740 dixerat.
833 3681 882 3739 ast
897 3674 945 3738 illi
962 3675 1057 3738 tacito
1077 3679 1135 3741 sub
1158 3684 1281 3761 pectore
1296 3680 1417 3746 dudum

427 3778 519 3860 ignea
541 3777 635 3841 corda
656 3777 805 3857 fremunt,
828 3780 910 3842 iacto
932 3780 1018 3843 velut
1041 3803 1150 3863 aspera
1174 3805 1248 3847 saxo

427 3882 599 3946 comminus
622 3883 754 3966 erigitur
777 3905 913 3966 serpena,
937 3883 986 3947 cui
1010 3884 1117 3950 subter
1138 3889 1246 3952 inanes

428 3985 523 4066 longa
546 3986 614 4048 ritis
636 3986 774 4052 latebras
797 3992 962 4070 totumque
986 3991 1108 4074 agitata
1131 4012 1185 4074 per
1208 3998 1295 4056 artus

274 4091 599 4186 “mittenti
620 4123 749 4176 Heinsius
768 4124 939 4192 vituperavit
957 4128 1044 4196 (spus
1064 4129 1120 4182 sir.
1139 4147 1165 4197 p.
1185 4130 1254 4198 000).

343 4188 375 4258 ¹⁹)
394 4189 606 4258 Bemerkungen
625 4210 658 4246 zu
671 4193 723 4246 den
737 4191 895 4260 Tregtdieu
914 4196 961 4249 des
974 4197 1088 4251 Seneka.
1119 4199 1175 4252 Ans
1188 4199 1236 4253 der
1247 4199 1415 4254 Festschrift

272 4257 413 4312 lohannes
435 4259 540 4312 Vuhlen
559 4277 621 4313 sum
641 4263 681 4314 10.
701 4263 871 4330 Geburtstag
888 4267 1046 4333 gewidmet.

341 4327 374 4398 ⁸⁰)
394 4327 1413 4408 01301100110000000100011001101000000111110010000(0100100028).
