2958 4952
67 485 172 550 uoltus
195 490 228 550 61
249 486 362 568 quarto
386 481 520 564 pluralis
544 505 619 547 casu
641 483 728 548 colos
750 482 905 565 scriptum
929 489 984 549 est.
1008 485 1116 570 itaque
1138 487 1217 552 mihi

69 591 167 654 liceat
181 589 302 655 'addere
325 609 481 671 perpauca
505 587 620 672 quibus
643 588 876 653 demonstratur
898 589 931 653 in
954 591 1067 655 ceteris
1089 596 1217 676 tragoe-

69 696 132 759 diis
155 717 221 758 rem
244 694 524 780 orthographicum
547 715 609 758 non
632 693 746 758 melius
762 714 794 757 se
811 693 938 757 habere.
962 695 1135 760 ablativum
1153 699 1217 761 sin-

66 799 191 885 gularis
213 799 299 864 vocis
322 798 435 863 laurus
462 798 598 884 legimus
621 798 684 881 Ay.
709 799 770 863 779
794 799 905 876 lauru,
937 798 1016 881 Toy.
1040 802 1082 864 54
1112 807 1218 867 autem

67 905 174 970 lauro.
198 905 322 969 suboles
344 904 495 986 scriptum
519 909 567 968 est
592 905 708 968 Trood.
725 905 799 982 463,
825 904 898 980 528,
923 903 1043 969 Phued.
1068 905 1141 982 468,
1166 926 1217 973 so.-

67 1010 154 1073 66166
175 1008 236 1092 Ay.
255 1009 327 1073 157.
352 1009 450 1072 semel
472 1013 517 1072 aet
538 1031 595 1093 pro
618 1009 674 1073 sed
696 1009 848 1072 traditum
866 1013 913 1072 est
929 1008 1005 1073 Oed.
1024 1007 1117 1073 1009.
1141 1031 1217 1074 oue·

66 1133 143 1177 cora
166 1116 269 1177 exstat
292 1112 410 1178 Pboou.
434 1112 509 1190 291,
535 1113 622 1176 Med.
648 1112 720 1190 123,
746 1111 869 1176 Phoed.
894 1114 988 1189 1155,
1023 1113 1098 1177 Oed.
1123 1113 1217 1192 1005,

67 1218 133 1300 Ay.
152 1217 224 1296 734,
247 1217 313 1282 ΗΟ
338 1216 433 1293 1408,
457 1220 569 1282 contra
591 1237 698 1282 uecors
725 1216 841 1281 Trood.
859 1217 933 1281 285.
956 1211 1217 1301 (1666666616ςί-

67 1345 141 1388 mus
162 1322 282 1386 Phoeu.
299 1322 372 1400 584,
396 1321 482 1386 Meo.
508 1323 581 1399 123,
606 1321 668 1386 738
691 1323 751 1402 Ay.
777 1321 849 1398 724,
873 1321 938 1385 ΗΟ
963 1322 1056 1400 1930,
1080 1341 1216 1386 vesoces

68 1426 126 1506 Hf.
147 1426 240 1492 1095.
264 1427 413 1490 decumus
430 1427 690 1509 deprehendimus
709 1427 825 1490 Troad.
843 1427 895 1505 76,
911 1427 1049 1490 decimus
1064 1426 1125 1508 Ay.
1143 1427 1216 1493 502.

68 1532 218 1596 claudere
239 1531 346 1595 inveni
368 1530 425 1610 Hf.
452 1531 525 1609 306,
551 1532 624 1610 986,
651 1531 770 1596 Trood.
797 1530 868 1610 167,
892 1531 1010 1596 Pboou.
1033 1531 1106 1608 246,
1129 1531 1216 1596 Med.

68 1635 146 1715 458,
170 1636 244 1714 464,
268 1635 389 1700 Pboed.
415 1637 488 1714 222,
513 1636 586 1713 534,
611 1636 685 1714 781,
708 1635 782 1713 863,
807 1635 889 1713 030,
915 1635 1015 1713 1226,
1044 1635 1118 1701 Oed.
1143 1636 1218 1715 505,

69 1744 132 1823 Ay.
158 1740 230 1817 109,
255 1739 328 1818 559,
353 1740 426 1818 718,
450 1740 525 1818 889,
552 1740 629 1822 Toy.
654 1740 728 1817 335,
752 1741 826 1816 491,
851 1738 945 1815 1068,
968 1737 1032 1803 ΗΟ
1054 1738 1128 1818 956,
1151 1740 1219 1803 clu·

68 1846 146 1908 dere
168 1842 225 1922 Hf.
250 1843 323 1921 281,
351 1844 467 1908 Troad.
495 1843 565 1921 139,
591 1843 663 1920 186,
688 1843 762 1920 317,
787 1843 905 1908 Phoco.
932 1843 1003 1921 148,
1028 1842 1101 1918 467,
1128 1843 1216 1909 Meo.

69 1948 148 2027 820,
163 1947 283 2013 Phoed.
296 1947 348 2026 47,
367 1947 619 2029 Thyreatis,
635 1949 728 2026 1041,
744 1946 808 2011 ΗΟ
824 1947 897 2025 599,
913 1947 1061 2030 144181).
1077 1949 1128 2012 661
1143 1948 1220 2012 11666

69 2074 137 2116 666
152 2051 324 2131 sufficiunt,
348 2052 495 2135 inspiciat
509 2052 644 2117 indicem
658 2052 940 2137 orthographicum
957 2053 1104 2118 editionis
1120 2052 1218 2118 Rich-

69 2161 222 2235 terianae,
245 2159 300 2222 ubi
322 2156 415 2241 plura
437 2156 500 2222 huc
523 2158 716 2240 pertinentia
737 2157 872 2222 collecta
894 2161 977 2222 sunt.

160 2261 210 2327 Ne
233 2263 304 2345 quis
335 2263 466 2325 miretur
488 2262 575 2346 quod
596 2262 661 2326 ΗΟ
686 2261 745 2327 771
770 2261 911 2345 monem)
936 2267 968 2327 61
994 2261 1077 2325 1243
1108 2261 1220 2326 haecce

71 2369 241 2446 invenitur,
267 2368 363 2432 affero
386 2367 470 2431 locos
492 2367 568 2431 hos:
606 2367 725 2432 Phaed.
745 2367 828 2432 1269
859 2363 1093 2447 66666618161.
1118 2365 1218 2429 Theb.

69 2472 86 2537 I
102 2473 167 2538 173
190 2472 317 2551 huncce,
340 2470 356 2534 I
374 2470 435 2535 189
450 2471 550 2550 hicce,
574 2469 604 2535 V
620 2472 684 2536 633
698 2472 801 2549 hoece,
824 2468 887 2536 VII
902 2472 944 2536 20
958 2471 1058 2550 hicce,
1081 2467 1219 2534 111705

69 2577 169 2655 1116616,
192 2575 239 2640 IX
252 2578 313 2640 421
325 2575 456 2652 huncce,
480 2572 527 2638 IX
543 2575 605 2640 715
620 2575 741 2640 meone.

160 2679 229 2745 Iam
258 2679 451 2746 absolvimus
474 2683 569 2763 atque
591 2680 809 2764 redarguimus
832 2681 938 2744 omnia
967 2684 1155 2764 argumenta
1179 2679 1220 2744 ad

69 2807 120 2850 res
146 2784 408 2869 orthographicas
431 2786 615 2867 spectantia.
652 2785 706 2849 sed
727 2785 806 2850 haec
828 2785 956 2863 leviora,
979 2784 1035 2848 illa
1053 2805 1130 2848 vero
1146 2803 1220 2867 gra-

69 2893 123 2955 via
147 2893 243 2975 atque
265 2911 380 2974 magna
403 2894 486 2968 sunt,
511 2911 592 2973 quae
615 2892 655 2955 ad
677 2913 769 2955 usum
784 2891 933 2974 loquendi
955 2892 1123 2973 pertinent.
1154 2889 1220 2972 pri·

70 3018 153 3070 mue,
177 2995 261 3078 quod
284 2997 390 3072 sciam,
413 2995 488 3058 huie
503 2995 549 3058 rei
566 3015 695 3078 operam
711 3015 747 3058 ac
762 2996 902 3060 studium
918 2996 1046 3059 navavit
1061 2992 1101 3056 D.
1118 2992 1218 3058 Hein-

68 3101 140 3163 sius
173 3097 270 3180 (apud
304 3097 399 3163 Scriv.
434 3122 465 3181 p.
491 3100 556 3163 344
576 3100 669 3183 sqq.).
715 3100 771 3183 qui
801 3101 943 3183 quaeda
971 3121 1031 3162 usu
1052 3096 1220 3161 verborum

70 3206 155 3267 ictus
179 3207 210 3266 61
231 3203 319 3266 umbo
336 3203 518 3284 disputavit,
535 3226 571 3267 ea
587 3203 666 3268 bene
687 3203 788 3267 diluta
810 3208 884 3267 sunt
908 3224 927 3266 6
948 3201 1050 3265 Leone
1073 3199 1102 3282 (I
1116 3223 1146 3282 p.
1165 3200 1219 3283 66)

72 3313 105 3372 61
128 3330 148 3371 6
170 3305 307 3371 Melzero
331 3307 372 3390 (p.
399 3307 463 3388 31).
509 3314 591 3372 16616
615 3314 720 3373 autem
742 3310 822 3372 vidit
845 3308 910 3372 ΗΟ
934 3307 996 3371 150
1019 3305 1136 3390 (vetare
1159 3304 1217 3369 So-

73 3411 147 3495 lem)
166 3412 298 3476 611624
321 3415 440 3492 (vetare
456 3410 629 3494 Phoebum)
652 3419 756 3478 uetare
778 3433 836 3494 pro
859 3431 966 3476 arcere
989 3411 1127 3493 posItum
1142 3430 1218 3473 6666.

73 3515 160 3581 hunc
186 3538 278 3580 usum
301 3518 338 3579 ut
360 3520 523 3581 excusaret
546 3514 699 3582 Melzerus
723 3521 766 3600 (p.
792 3515 847 3599 32)
872 3516 981 3579 6116111
999 3513 1094 3578 816111
1115 3514 1219 3578 locum

75 3620 176 3686 Theb.
200 3620 262 3686 ΧΠ
293 3622 374 3687 5581
407 3641 486 3703 quos
520 3626 600 3686 velot
633 3622 705 3704 iyue
740 3619 840 3686 Creon
863 3620 894 3684 11.
919 3642 944 3685 6.
974 3620 1059 3703 rogis
1089 3620 1121 3680 et
1146 3617 1220 3702 igne

75 3745 221 3808 supremo
243 3727 412 3793 interdicit.
457 3731 620 3811 praeterea
642 3733 746 3792 autem
769 3725 971 3812 comparandi
992 3730 1067 3788 sunt
1088 3724 1150 3788 loci
1171 3721 1220 3786 hi:
1301 3751 1306 3760 ·

162 3829 266 3896 Valer.
291 3831 421 3897 Flaccus
444 3831 524 3898 VIII
546 3833 624 3899 3031
839 3853 896 3896 nec
918 3830 1045 3914 longius
1077 3827 1160 3893 inter

250 3957 345 4019 quam
374 3937 459 4019 quod
480 3939 544 4003 tela
566 3942 659 4016 vetet,
683 3941 826 4022 superest
848 3957 943 4013 mare,

120 4036 201 4104 Stat.
218 4037 294 4104 Silv.
310 4040 357 4106 HI
375 4042 403 4119 1,
422 4042 501 4106 1731
529 4049 669 4108 avertam
684 4041 787 4107 luctus
803 4045 834 4105 et
849 4038 953 4104 tristia
968 4038 1082 4101 damna
1096 4033 1219 4112 vetabo,

146 4177 180 4240 ⁸¹)
198 4179 310 4241 cludere,
330 4181 362 4231 61
380 4180 431 4231 1166
452 4176 561 4240 addam,
582 4178 667 4232 etiam
682 4178 793 4247 repperi
811 4176 906 4230 quen.
924 4173 981 4240 Vll,
1000 4171 1042 4233 26,
1062 4170 1133 4225 Stat.
1153 4168 1219 4223 Silv.

76 4245 116 4298 ΙΙΙ
134 4247 220 4310 4,111
247 4248 286 4302 IV
304 4247 328 4312 6,
342 4249 390 4312 671
418 4248 444 4302 V
464 4246 565 4312 1,168;
591 4247 677 4304 Theb.
697 4247 723 4301 H
741 4251 771 4312 61
797 4246 825 4299 II
843 4247 905 4312 3071
932 4242 972 4298 VI
990 4241 1054 4308 7271
1081 4239 1218 4302 v11434;

77 4314 142 4369 VIII
162 4317 224 4380 1981
244 4317 270 4371 X
286 4319 357 4387 4513
376 4317 414 4371 XI
432 4317 478 4381 581

146 4386 180 4456 ⁸²)
197 4387 228 4441 in
246 4388 269 4442 s
286 4388 423 4443 traditum
442 4389 485 4443 661
502 4387 617 4453 Morino,
637 4387 685 4441 sed
703 4404 746 4442 res
763 4385 882 4441 metrica
898 4382 1096 4521 poscitlroene.
