2958 4952
611 325 652 390 47

145 498 350 565 Substantiva
381 499 547 564 66616661
576 498 663 562 colus
694 499 727 562 iu
760 496 897 562 Hercule
931 497 1047 564 Oetaeo
1081 506 1206 583 praeter

57 603 195 670 Senecae
216 627 307 669 usum
330 601 447 687 plurali
469 623 598 666 numero
621 605 766 685 quartam
789 602 1029 668 declinationem
1052 606 1140 688 sequi
1156 605 1211 670 di-·

57 711 106 773 rit
128 708 191 773 Leo
216 708 245 791 (I
260 732 290 792 p.
309 708 375 791 61).
399 706 453 770 sed
475 707 586 770 comos
610 710 722 790 quarto
744 727 819 770 casu
842 707 938 771 semel
960 712 1085 774 tantum
1101 715 1207 774 exstat

56 838 85 878 1.
108 815 203 890 1916,
226 835 300 877 nam
325 813 412 876 locus
435 834 463 873 1.
484 813 577 889 1633,
602 831 695 894 quem
711 813 759 874 111
775 811 974 876 (166116611666
988 812 1051 877 huc
1072 814 1206 892 rettulit,

57 940 131 982 cum
153 918 187 980 in
209 916 237 980 E
263 922 295 981 et
316 918 350 980 in
374 915 405 982 A
427 915 580 980 1166116111
602 914 644 977 611
666 933 776 980 nemus
806 919 837 979 et
868 918 1055 982 recentiores
1086 919 1209 982 codices

5 1054 8 1089 2
56 1023 168 1086 domos
190 1022 373 1106 praebeant,
398 1020 493 1082 nimis
523 1019 661 1082 incertus
689 1022 746 1082 est.
781 1019 889 1084 domos
918 1027 1024 1086 autem
1054 1023 1206 1106 scriptum

55 1127 199 1191 videmus
222 1127 288 1191 ΗΟ
314 1127 408 1192 1870.
439 1125 548 1206 itaque
570 1124 604 1186 iu
627 1123 692 1187 Hc
723 1145 807 1187 11666
837 1124 939 1189 forma
968 1127 1091 1203 domus,
1123 1149 1208 1192 nunc

4 1281 5 1288 ,
56 1232 166 1295 domm
188 1236 343 1314 usurpate
366 1233 423 1293 est.
448 1249 485 1294 ac
507 1229 534 1292 si
549 1227 612 1294 Leo
634 1232 718 1294 recte
741 1228 871 1294 dixisset
894 1231 1128 1296 substantivum
1150 1232 1206 1297 do·

5 1403 6 1406 ,
55 1355 129 1400 mus
150 1335 268 1420 plurali
290 1356 423 1400 numero
447 1334 532 1416 apud
547 1331 695 1397 Senecam
719 1355 876 1417 nusquam
899 1340 1044 1418 quartam
1067 1335 1206 1402 declina·

5 1477 6 1480 ¹
56 1442 177 1504 tionem
202 1441 301 1524 sequi,
324 1443 432 1504 tamen
454 1439 515 1503 hoc
537 1441 760 1522 argumentum
783 1461 846 1503 uon
870 1446 961 1505 esset.
986 1440 1107 1510 Statius
1122 1441 1207 1506 enim

56 1546 171 1610 domato
202 1544 349 1610 adhibuit
371 1542 472 1608 Theb.
496 1540 527 1605 V
549 1543 590 1606 97
615 1548 647 1607 61
668 1541 716 1607 IX
741 1542 817 1621 798,
851 1545 959 1607 domos
981 1542 1011 1608 V
1036 1547 1108 1624 107,
1133 1547 1206 1626 149,

6 1664 9 1671 ’
57 1649 132 1714 427.
158 1651 212 1714 6611
236 1671 270 1713 16
292 1670 366 1713 vera
389 1647 550 1712 invenitur
571 1649 682 1711 domos
706 1649 789 1729 apud
812 1645 983 1713 Senecam:

146 1757 206 1838 Ap.
233 1754 317 1818 729:
342 1753 565 1838 geminumque
588 1751 728 1834 duplices
751 1751 857 1837 Argos
880 1752 998 1818 attollit
1021 1755 1141 1831 domus,

147 1859 203 1938 Hf.
227 1860 310 1923 239:
333 1861 407 1940 post
430 1858 507 1921 haec
530 1858 658 1921 adortus
680 1858 817 1922 nemoris
843 1858 986 1939 opulenti
1009 1860 1128 1922 domus.

7 2005 8 2008 =
56 1985 122 2048 quo
149 1964 216 2028 loco
239 1963 340 2028 altera
363 1982 476 2026 manus
499 1962 612 2026 domus
634 1963 667 2024 in
689 1961 797 2026 domos
821 1963 966 2027 mutavit.
999 1962 1083 2026 colos
1107 1962 1206 2026 tradi-

5 2136 10 2146 ,
56 2072 126 2132 tum
147 2072 195 2131 est
214 2067 271 2147 Hf.
289 2068 362 2143 559,
379 2066 444 2130 ΗΟ
457 2067 531 2142 372,
548 2065 611 2128 668
623 2064 675 2148 77),
699 2065 785 2130 colus
801 2066 866 2132 ΗΟ
880 2067 953 2145 218,
972 2065 1043 2144 768,
1063 2066 1147 2130 1084
1155 2065 1207 2149 78).

4 2216 7 2252 ,
56 2172 153 2236 modo
175 2171 278 2254 igitur
300 2170 455 2234 babemus
480 2171 615 2236 formam
638 2170 731 2246 coloe,
755 2171 848 2235 modo
871 2171 965 2236 colus.
984 2171 1071 2234 16161
1086 2170 1206 2236 Statius

56 2275 185 2357 scripsit
207 2275 295 2338 colus
318 2274 393 2338 Silv.
411 2275 458 2339 ΠΙ
476 2278 504 2352 1,
527 2275 599 2352 172,
623 2273 946 2353 1611158661635,
970 2275 1069 2339 Theb.
1085 2276 1116 2340 X
1132 2277 1205 2353 649,

58 2380 142 2443 colos
163 2377 239 2443 Silv.
258 2377 273 2441 Ι
289 2380 321 2455 4,
339 2379 391 2455 64,
414 2377 513 2442 Theb.
530 2377 560 2441 V
578 2379 649 2443 150.
673 2400 710 2442 ac
731 2378 811 2442 mibi
832 2401 1016 2462 persuasum
1040 2385 1088 2444 est
1110 2377 1206 2443 Sene-

57 2505 127 2550 cam
152 2484 179 2548 si
202 2485 327 2568 saepius
350 2484 383 2546 in
406 2483 538 2566 reliquis
568 2481 685 2546 fabulis
716 2486 864 2565 quartum
887 2505 994 2548 casum
1017 2484 1207 2548 substantivi

5 2669 6 2674 η
56 2589 146 2653 colus
169 2587 285 2670 plurali
308 2607 440 2650 numero
464 2586 669 2663 adhibuisset,
694 2608 930 2670 nonnumquam
961 2588 1047 2652 colus
1070 2589 1206 2670 scriptu·

56 2716 126 2758 rum
152 2692 259 2756 fuisse.
286 2690 369 2755 idem
384 2689 446 2754 Leo
462 2690 627 2754 contendit
650 2687 679 2770 (I
693 2712 724 2773 p.
742 2691 780 2752 61
800 2691 870 2754 adn.
889 2692 922 2772 9)
938 2691 1003 2755 ΗΟ
1019 2691 1082 2756 520
1098 2711 1206 2756 rocem

57 2798 167 2862 166616
191 2801 377 2878 usurpatam
401 2817 467 2858 6666
490 2799 600 2858 contre
629 2816 720 2858 usum
743 2793 893 2872 Senecae,
924 2798 979 2878 qui
1000 2796 1084 2860 tobes
1113 2816 1206 2878 prae·

57 2900 179 2966 tulerit.
204 2901 291 2964 tobes
314 2900 467 2964 traditum
492 2905 555 2965 est:
587 2901 705 2966 Ptoou.
733 2902 805 2978 164,
831 2901 919 2966 Meu.
937 2900 1009 2979 641,
1039 2901 1114 2965 ceu.
1132 2899 1205 2977 652,

56 3005 122 3070 ΗΟ
147 3005 221 3079 528,
239 3005 312 3082 716,
330 3005 403 3082 738,
424 3005 518 3082 1194,
547 3006 612 3070 061.
639 3005 712 3082 512,
736 3006 843 3070 166661
865 3005 921 3085 Hf.
947 3006 1020 3083 785,
1043 3003 1105 3068 ΗΟ
1132 3003 1205 3081 620,

58 3110 131 3174 786.
166 3109 286 3173 Statius
309 3130 385 3173 voce
408 3111 515 3174 totam
539 3111 640 3175 decies
663 3132 738 3174 usus
761 3114 829 3174 est:
860 3110 959 3174 Theb.
982 3107 1046 3173 VII
1062 3108 1134 3185 765,
1158 3105 1206 3171 IX

58 3217 97 3280 19
116 3211 217 3290 6172,
241 3211 271 3274 X
296 3212 370 3289 290,
394 3212 467 3290 298,
491 3211 537 3277 XI
560 3215 611 3292 87,
638 3214 713 3290 582,
739 3212 802 3278 XII
827 3215 900 3290 283,
928 3213 1002 3288 567,
1028 3213 1106 3278 XIII
1122 3213 1205 3286 701;

57 3319 197 3384 formam
219 3318 306 3381 tobes
328 3317 433 3381 1111661
455 3323 524 3381 161;
549 3317 648 3383 Theb.
672 3317 705 3382 11
729 3319 779 3396 14,
796 3317 874 3395 677,
898 3317 1034 3382 ΪΠ129.

148 3419 297 3504 Sequitur
326 3423 483 3503 scriptura
513 3443 613 3503 quom.
637 3422 733 3486 Leoni
764 3421 994 3487 concedendum
1018 3424 1066 3483 661
1087 3419 1120 3482 in
1146 3419 1207 3482 hac

59 3526 170 3593 fabula
193 3527 260 3590 sola
282 3526 404 3590 formae
427 3547 507 3609 quae
529 3530 578 3589 est
600 3546 691 3607 quom
722 3530 808 3590 certa
839 3525 975 3608 vestigia
1009 3545 1206 3607 comparere:

60 3655 87 3696 1.
113 3629 188 3707 587,
214 3630 406 3711 5966111161,
431 3631 493 3694 607
510 3651 607 3711 queue,
632 3629 696 3695 610
712 3649 814 3710 quom,
839 3630 900 3693 301
925 3650 1007 3711 qum,
1032 3630 1095 3694 209
1118 3628 1204 3710 quic.

60 3738 144 3819 quod
166 3743 389 3819 argumentum
410 3737 459 3798 111
474 3735 673 3799 doctissimus
688 3755 759 3797 cum
773 3737 911 3816 priorem
934 3734 1117 3818 tragoediae
1132 3755 1206 3816 par·

60 3844 134 3916 tem,
151 3843 185 3904 in
201 3864 263 3926 qua
279 3841 339 3905 hae
354 3843 473 3906 formae
490 3846 626 3920 exstant,
651 3843 821 3926 genuinam
838 3841 1029 3918 aestimaret,
1053 3837 1133 3904 nihil
1149 3859 1204 3902 va·

59 3943 123 4010 1616
134 3947 202 4028 ipse
219 3946 361 4010 credidit.
374 3947 457 4028 apud
469 3945 617 4026 Statium,
634 3947 689 4030 qui
701 3946 779 4012 alibi
790 3966 913 4029 semper
926 3965 993 4009 cam
1007 3943 1140 4026 scripsit,
1157 3945 1206 4006 ter

131 4169 320 4270 29110668:
342 4170 432 4223 altere
450 4185 551 4223 manus
568 4172 640 4224 coloe
659 4169 727 4251 lecit
746 4187 780 4224 ex
800 4169 885 4222 colos.
1009 4235 1015 4245 .
1137 4235 1149 4288 1
1170 4235 1203 4288 97

62 4311 135 4430 pru
153 4238 720 4433 1111111.1111111111
736 4237 1205 4378 161111111111111

72 4395 139 4448 rupe
157 4395 249 4435 666116.
