2958 4952
69 498 97 563 V
118 497 245 576 3‚154;
269 495 368 560 Theb.
392 495 423 560 X
445 494 534 578 447).
558 496 590 560 77
613 495 679 560 ΗΟ
700 495 812 574 forsan
835 495 886 560 vel
908 495 1047 576 forsitan
1069 519 1141 562 cum
1163 498 1213 564 in·

69 602 203 667 77777777
226 602 327 666 futuri
349 603 550 666 coniunctum
578 606 626 666 est
653 601 821 684 quinquies
843 601 918 679 408,
941 602 1015 682 473,
1040 603 1113 681 574,
1137 605 1211 683 912,

71 709 161 785 1429,
185 729 256 771 eum
278 708 448 772 indicativo
465 707 639 790 praesentis
655 705 704 770 vel
719 707 883 788 praeteriti
899 711 1013 789 quater
1027 708 1100 786 361,
1118 708 1212 788 1781,

71 814 141 890 768,
167 813 259 879 1398.
307 810 421 876 dubius
443 809 530 875 locus
553 815 600 876 est
623 833 652 872 v.
678 811 771 888 1791,
795 830 858 894 qno
880 811 1023 876 futurum
1045 811 1213 896 legendum

68 938 131 980 esse
154 917 234 981 mihi
256 915 410 982 Melzerus
433 915 510 978 satis
533 914 680 997 probavit
704 913 748 998 (p.
772 913 837 998 34).
862 918 987 978 constat
1008 917 1108 1000 igitur
1130 915 1212 982 Her-

68 1021 145 1086 culis
168 1018 278 1086 Oetaei
301 1024 461 1084 auctorem
483 1016 594 1097 forsan
617 1016 668 1082 vel
689 1017 827 1098 forsitan
851 1019 974 1101 saepius
996 1041 1069 1084 cum
1091 1021 1212 1088 indica-

67 1126 131 1190 tivo
165 1125 265 1190 futuri
299 1124 499 1190 coniunxisse
530 1145 625 1206 qnam
655 1143 726 1186 cum
756 1123 927 1188 indicativo
956 1126 1129 1206 praesentis
1162 1127 1213 1192 vel

67 1230 234 1314 praeteriti.
258 1230 366 1312 itaque
389 1250 460 1293 cum
476 1227 539 1292 Leo
561 1228 628 1312 ipse
651 1228 765 1292 viderit
782 1226 893 1310 bis¹⁰⁵)
910 1229 942 1292 in
959 1230 1069 1294 ceteris
1084 1235 1212 1315 tragoe-

68 1334 122 1398 diis
136 1333 267 1416 (Ptaed.
282 1333 355 1410 238,
375 1333 455 1414 Toy.
470 1332 545 1412 747)
558 1336 590 1395 77
605 1333 638 1396 77
650 1331 849 1414 pedestribus
865 1331 1000 1398 Senecae
1016 1336 1211 1400 sermonibus

67 1437 151 1502 haud
164 1461 237 1503 raro
252 1438 382 1503 eandem
397 1436 558 1501 licentiam
574 1437 719 1515 inveniri,
736 1438 924 1500 contendere
940 1438 1039 1502 audeo
1055 1437 1115 1504 hac
1128 1441 1163 1502 in
1177 1461 1211 1504 re

65 1542 232 1608 Herculem
258 1542 411 1607 Oetaeum
435 1563 506 1606 cum
528 1541 702 1605 Annaeano
724 1562 783 1605 usn
799 1542 925 1605 omnino
943 1562 1007 1604 non
1023 1543 1209 1626 discrepare.

152 1645 248 1712 Aliud
271 1646 382 1712 Leonis
405 1651 628 1730 argumentum
651 1650 698 1710 est
720 1647 779 1710 hoc
803 1645 876 1729 (lp.
894 1645 962 1726 66):
988 1665 1070 1724 pro
1094 1646 1212 1714 Seneca

67 1752 192 1831 7777777
214 1752 261 1815 777
284 1751 435 1828 adtribuit,
459 1755 494 1814 nt
515 1749 558 1814 ad
579 1771 692 1814 777777
714 1755 854 1815 testemoe
876 1750 930 1832 777
951 1750 1116 1813 invocatur
1131 1770 1211 1829 pro·

66 1855 147 1920 77777
169 1855 304 1920 accedat.
333 1854 488 1918 Hercules
514 1853 646 1918 Oetaeos
668 1874 702 1918 eo
725 1876 746 1918 7
766 1853 898 1934 reliquis
920 1854 1045 1931 recedit,
1067 1857 1102 1916 nt
1125 1874 1209 1934 pro

66 1979 125 2022 777
147 1958 331 2024 invocandis
354 1962 475 2022 777777
497 1958 681 2022 7777777777
695 1958 804 2034 addat,
827 1957 881 2021 sed
896 1957 1027 2022 subinde
1048 1957 1132 2021 idem
1147 1978 1211 2022 777

67 2068 130 2127 orte
147 2083 214 2128 777
230 2063 297 2127 7177
312 2083 380 2126 7777
396 2082 546 2126 77777777
560 2067 596 2125 at
622 2083 639 2125 o
665 2061 809 2144 aliasque
824 2061 1020 2127 7777777777
1032 2062 1211 2142 particulas

62 2174 168 2248 ponet.
214 2167 251 2232 In
274 2168 369 2232 Hero.
393 2165 462 2232 Oet.
484 2188 545 2247 pro
568 2169 609 2232 ad
630 2190 747 2232 numen
769 2170 919 2232 testemve
942 2166 1060 2232 accedit
1082 2188 1110 2230 v.
1135 2166 1209 2245 290,

66 2273 138 2350 966,
166 2273 258 2347 1173,
284 2273 379 2350 1175,
406 2273 498 2350 1275,
519 2274 611 2350 1364,
630 2272 723 2350 1531,
740 2295 803 2338 777
819 2273 939 2338 accedit
955 2273 1028 2351 219,
1046 2269 1118 2349 770,
1135 2271 1209 2348 965,

66 2378 158 2454 1231,
185 2377 268 2444 1419
292 2379 350 2455 777,
376 2377 521 2459 1803109)
552 2377 603 2460 (cf.
628 2376 718 2442 Mela.
742 2400 772 2460 p.
798 2377 861 2460 34).
899 2377 1006 2458 itaque
1032 2376 1059 2440 si
1080 2397 1147 2440 rem
1169 2377 1210 2441 ad

66 2481 200 2546 calculos
223 2503 333 2546 vocare
355 2481 460 2566 placet
480 2501 540 2560 pro
565 2481 678 2563 septies
700 2481 739 2544 ad
762 2501 878 2544 numen
907 2483 1059 2543 testemve
1090 2480 1211 2545 accedit

65 2592 94 2650 77
123 2588 239 2670 septies
267 2585 446 2651 exlamandi
478 2583 650 2667 particulae
681 2587 781 2649 vicem
809 2587 904 2647 tenet.
950 2581 1104 2647 Melzerus
1127 2589 1210 2648 recte

64 2692 141 2755 vidit
158 2711 219 2773 pro
243 2692 338 2754 etiam
361 2690 421 2771 Ap.
446 2690 487 2752 35
512 2693 542 2753 77
567 2688 641 2753 Oed.
668 2690 708 2754 19
731 2692 768 2752 77
791 2688 987 2754 exclamaudi
1018 2687 1210 2770 particulam

63 2797 198 2877 positum
211 2815 286 2858 esse.
299 2813 362 2874 pro
374 2792 502 2872 focinus
515 2791 639 2874 scripsit
651 2791 769 2858 Seneca
782 2794 819 2858 de
833 2793 941 2857 brevit.
955 2792 1039 2856 vitae
1053 2792 1102 2870 12,
1116 2791 1207 2875 21⁰⁷).

61 2903 144 2981 apud
167 2897 303 2963 Statium
321 2917 385 2977 pro
409 2896 476 2960 fere
499 2917 623 2979 semper
656 2896 830 2980 particulae
865 2919 882 2962 o
915 2898 1015 2962 vicem
1046 2900 1134 2960 tenet
1167 2896 1207 2963 cf.

60 3003 139 3068 Silv.
163 3001 178 3064 Ι
201 3004 323 3081 1,101;
347 3000 446 3066 Theb.
471 2999 502 3065 Il
526 3002 585 3076 92;
609 3000 657 3067 ΙΙΙ
680 3002 754 3080 303,
779 3001 859 3078 370;
883 3002 913 3067 V
937 3003 1010 3082 324,
1036 3003 1109 3080 674,
1127 3000 1205 3079 718;

59 3101 106 3171 IX
133 3104 181 3180 14,
209 3104 286 3180 180;
310 3107 340 3169 Χ
363 3105 436 3184 270,
462 3106 543 3182 874;
567 3104 630 3170 XII
654 3106 729 3170 382.
753 3107 832 3171 adde
856 3108 939 3190 quod
962 3108 1106 3185 desuper,
1137 3112 1208 3170 177-

60 3211 162 3288 7777777
192 3227 256 3268 777
290 3208 351 3270 nisi
383 3209 415 3271 in
446 3209 583 3291 Thyeste
618 3210 822 3275 inveniuntur
857 3214 897 3290 (v.
925 3212 996 3287 163,
1021 3211 1094 3288 451,
1118 3212 1205 3293 280).

62 3333 161 3395 neque
184 3316 289 3375 tamen
313 3313 438 3395 spurius
462 3319 509 3376 777
532 3314 694 3398 Thyestes.

148 3415 216 3481 Iam
239 3438 337 3479 unum
353 3424 572 3500 argumentum
589 3421 729 3485 nondum
744 3420 917 3485 refutatum
934 3424 1084 3503 superest.
1108 3421 1206 3484 inter-

130 3607 174 3672 105)
194 3623 342 3675 perperam
362 3606 474 3688 addidit
493 3607 628 3662 Melzerus
650 3609 719 3662 Med.
738 3609 791 3663 290
808 3609 838 3662 77
858 3609 923 3678 pr.
936 3607 996 3672 316,
1017 3607 1117 3676 quibus
1136 3607 1205 3662 locis

65 3692 118 3728 non
131 3677 440 3826 pppsppoveplpopsppapfi
455 3677 638 3827 sddtrfaodidddd
655 3681 887 3803 ldsllalomissum
908 3751 958 3803 est.
973 3749 1037 3827 'hoc
1055 3748 1117 3803 loco
1137 3747 1205 3802 olim

67 3829 83 3866 7
100 3818 236 3869 exstitisse
250 3820 370 3870 coniecit
382 3817 622 3871 Wilamowitmus.
644 3835 708 3872 cum
726 3818 784 3872 lole
810 3819 841 3872 in
853 3821 980 3886 sequenti
1000 3835 1081 3872 versu
1092 3821 1205 3887 patrem

68 3886 200 3952 appellet,
225 3887 344 3938 fortasse
357 3887 406 3940 ltbe'
425 3888 611 3956 supplendum
630 3891 685 3942 cett
706 3889 765 3953 (737
780 3891 806 3942 77
823 3890 955 3942 tumulum
971 3889 1032 3954 fotu
1051 3888 1202 3954 dedissent).

67 3982 95 3991 -
115 3954 169 4008 ΗΟ
189 3956 252 4010 1801
274 3955 410 4009 traditam
440 3959 608 4024 particulam
633 3959 842 4012 oretinendam
861 3975 919 4011 esse
947 3975 1032 4026 supra
1052 3959 1091 4027 (p.
1105 3957 1138 4010 32
1151 3959 1203 4024 sq.)

68 4023 183 4090 exposui.
214 4057 247 4064 -
276 4026 346 4078 bene
370 4025 505 4079 Melzerus
532 4028 566 4082 de
593 4029 718 4083 versibus
745 4029 809 4084 1231
840 4031 868 4082 77
894 4026 961 4080 1803
988 4026 1145 4096 disputavit
1163 4027 1202 4095 (p.

67 4092 157 4170 37735).
185 4125 219 4134 --
249 4095 304 4149 ΗΟ
327 4095 410 4148 17787
437 4097 548 4150 oreimis
570 4098 641 4164 felin
667 4099 755 4162 777777,
784 4097 938 4151 Ηο1803τ
967 4113 1018 4164 pro
1036 4097 1116 4149 777777
1129 4097 1204 4162 felix

67 4163 144 4216 nimie.
185 4164 229 4218 his
247 4165 381 4233 exemplis
405 4183 486 4218 usum
504 4168 663 4233 particulae
685 4184 737 4236 pro
756 4168 861 4235 optime
886 4165 1023 4220 illustrari
1042 4165 1098 4219 Leo
1117 4165 1202 4219 credi-

69 4229 111 4311 dit.
135 4233 213 4315 legat
230 4235 272 4287 vir
292 4235 469 4288 doctissimus
495 4235 650 4290 1101827:
684 4238 814 4291 omisero
828 4237 917 4305 pietas
935 4238 963 4290 et
983 4235 1045 4291 Oed.
1068 4237 1114 4289 19:
1131 4251 1201 4304 pro

68 4316 457 4443 ἠ48611770177778777777177777
470 4373 528 4428 alia
545 4373 617 4428 vidit
628 4374 732 4430 Birtius
749 4375 861 4445 (Philol.
875 4377 908 4431 63
922 4374 991 4430 fasc.
1004 4377 1020 4430 3
1033 4391 1060 4443 p.
1073 4374 1125 4428 430
1139 4376 1200 4440 sq.).
