<?xml version="1.0" encoding="UTF-8"?>
<!DOCTYPE html PUBLIC "-//W3C//DTD XHTML 1.0 Transitional//EN"
    "http://www.w3.org/TR/xhtml1/DTD/xhtml1-transitional.dtd">
<html xmlns="http://www.w3.org/1999/xhtml" xml:lang="en" lang="en">
 <head>
  <title>
</title>
<meta http-equiv="Content-Type" content="text/html;charset=utf-8" />
  <meta name='ocr-system' content='tesseract 3.04.00' />
  <meta name='ocr-capabilities' content='ocr_page ocr_carea ocr_par ocr_line ocrx_word'/>
</head>
<body>
  <div class='ocr_page' id='page_1' title='image "./desenecaehercul00ackegoog_0023.png"; bbox 0 0 2958 4952; ppageno 0'>
   <div class='ocr_carea' id='block_1_1' title="bbox 825 301 866 364">
    <p class='ocr_par' dir='ltr' id='par_1_1' title="bbox 825 301 866 364">
     <span class='ocr_line' id='line_1_1' title="bbox 825 301 866 364; baseline 0 0"><span class='ocrx_word' id='word_1_1' title='bbox 825 301 866 364; x_wconf 84' lang='lat'><strong>20</strong></span> 
     </span>
    </p>
   </div>
   <div class='ocr_carea' id='block_1_2' title="bbox 274 473 1429 4214">
    <p class='ocr_par' dir='ltr' id='par_1_2' title="bbox 276 473 1429 1709">
     <span class='ocr_line' id='line_1_2' title="bbox 277 473 1427 561; baseline -0.001 -20"><span class='ocrx_word' id='word_1_2' title='bbox 277 498 441 561; x_wconf 84' lang='lat' dir='ltr'>perperam</span> <span class='ocrx_word' id='word_1_3' title='bbox 461 476 594 560; x_wconf 81' lang='lat' dir='ltr'><strong>putavit.</strong></span> <span class='ocrx_word' id='word_1_4' title='bbox 641 474 879 560; x_wconf 83' lang='lat' dir='ltr'><strong>Steinbergerus</strong></span> <span class='ocrx_word' id='word_1_5' title='bbox 896 473 928 557; x_wconf 83' lang='lat' dir='ltr'><strong>(l.</strong></span> <span class='ocrx_word' id='word_1_6' title='bbox 946 496 969 538; x_wconf 85' lang='lat' dir='ltr'><strong>s.</strong></span> <span class='ocrx_word' id='word_1_7' title='bbox 986 495 1016 556; x_wconf 90' lang='lat' dir='ltr'><strong>p.</strong></span> <span class='ocrx_word' id='word_1_8' title='bbox 1036 473 1111 557; x_wconf 83' lang='lat'>193)</span> <span class='ocrx_word' id='word_1_9' title='bbox 1126 474 1206 540; x_wconf 86' lang='lat' dir='ltr'><strong>vidit</strong></span> <span class='ocrx_word' id='word_1_10' title='bbox 1227 473 1427 560; x_wconf 86' lang='lat' dir='ltr'><strong>Aristopha-</strong></span> 
     </span>
     <span class='ocr_line' id='line_1_3' title="bbox 276 578 1427 662; baseline -0.006 -15"><span class='ocrx_word' id='word_1_11' title='bbox 276 584 326 647; x_wconf 86' lang='lat' dir='ltr'><strong>nis</strong></span> <span class='ocrx_word' id='word_1_12' title='bbox 348 583 460 658; x_wconf 82' lang='lat' dir='ltr'><strong>looum‚</strong></span> <span class='ocrx_word' id='word_1_13' title='bbox 502 601 568 645; x_wconf 89' lang='lat' dir='ltr'><strong>ran.</strong></span> <span class='ocrx_word' id='word_1_14' title='bbox 596 580 793 645; x_wconf 75' lang='grc'><strong>6641111111</strong></span> <span class='ocrx_word' id='word_1_15' title='bbox 818 578 904 661; x_wconf 74' lang='grc' dir='ltr'>ξίφος</span> <span class='ocrx_word' id='word_1_16' title='bbox 934 579 963 662; x_wconf 85' lang='grc' dir='ltr'><strong>γ’</strong></span> <span class='ocrx_word' id='word_1_17' title='bbox 988 579 1104 640; x_wconf 81' lang='grc' dir='ltr'>ἐσπᾶτο</span> <span class='ocrx_word' id='word_1_18' title='bbox 1128 579 1292 661; x_wconf 74' lang='grc' dir='ltr'>μαίνεσθαι</span> <span class='ocrx_word' id='word_1_19' title='bbox 1317 580 1427 642; x_wconf 85' lang='grc' dir='ltr'>δοκῶν</span> 
     </span>
     <span class='ocr_line' id='line_1_4' title="bbox 278 683 1429 770; baseline -0.003 -18"><span class='ocrx_word' id='word_1_20' title='bbox 278 690 333 770; x_wconf 87' lang='lat' dir='ltr'><strong>(se.</strong></span> <span class='ocrx_word' id='word_1_21' title='bbox 356 683 538 768; x_wconf 76' lang='grc' dir='ltr'>Ἡρακλῆς).</span> <span class='ocrx_word' id='word_1_22' title='bbox 583 684 744 749; x_wconf 88' lang='lat' dir='ltr'><strong>Harderus</strong></span> <span class='ocrx_word' id='word_1_23' title='bbox 767 686 876 749; x_wconf 88' lang='lat' dir='ltr'><strong>attulit</strong></span> <span class='ocrx_word' id='word_1_24' title='bbox 899 683 932 767; x_wconf 87' lang='lat' dir='ltr'><strong>(l.</strong></span> <span class='ocrx_word' id='word_1_25' title='bbox 948 707 973 749; x_wconf 87' lang='lat' dir='ltr'><strong>s.</strong></span> <span class='ocrx_word' id='word_1_26' title='bbox 996 685 1119 769; x_wconf 72' lang='lat' dir='ltr'><strong>prm)</strong></span> <span class='ocrx_word' id='word_1_27' title='bbox 1142 685 1267 750; x_wconf 85' lang='lat' dir='ltr'><strong>Horatii</strong></span> <span class='ocrx_word' id='word_1_28' title='bbox 1296 707 1429 749; x_wconf 78' lang='lat' dir='ltr'><strong>versum</strong></span> 
     </span>
     <span class='ocr_line' id='line_1_5' title="bbox 276 788 1429 874; baseline -0.002 -18"><span class='ocrx_word' id='word_1_29' title='bbox 276 791 417 869; x_wconf 75' lang='grc'><strong>1.,1114</strong></span> <span class='ocrx_word' id='word_1_30' title='bbox 434 792 492 854; x_wconf 86' lang='lat'><strong>61:</strong></span> <span class='ocrx_word' id='word_1_31' title='bbox 523 810 584 853; x_wconf 92' lang='lat' dir='ltr'><strong>non</strong></span> <span class='ocrx_word' id='word_1_32' title='bbox 606 788 709 871; x_wconf 78' lang='lat' dir='ltr'><strong>ltpdru</strong></span> <span class='ocrx_word' id='word_1_33' title='bbox 741 794 861 853; x_wconf 86' lang='lat' dir='ltr'><strong>secto</strong></span> <span class='ocrx_word' id='word_1_34' title='bbox 896 809 1024 870; x_wconf 88' lang='lat' dir='ltr'><strong>eorpore</strong></span> <span class='ocrx_word' id='word_1_35' title='bbox 1052 789 1183 870; x_wconf 70' lang='lat' dir='ltr'><strong>firmior.</strong></span> <span class='ocrx_word' id='word_1_36' title='bbox 1220 790 1429 874; x_wconf 88' lang='lat' dir='ltr'><strong>quinetiam</strong></span> 
     </span>
     <span class='ocr_line' id='line_1_6' title="bbox 277 893 1429 985; baseline -0.003 -26"><span class='ocrx_word' id='word_1_37' title='bbox 277 896 310 985; x_wconf 89' lang='lat' dir='ltr'><strong>in</strong></span> <span class='ocrx_word' id='word_1_38' title='bbox 329 895 474 961; x_wconf 84' lang='lat' dir='ltr'><strong>Herculis</strong></span> <span class='ocrx_word' id='word_1_39' title='bbox 489 893 622 958; x_wconf 85' lang='lat' dir='ltr'><strong>furentis</strong></span> <span class='ocrx_word' id='word_1_40' title='bbox 645 916 737 958; x_wconf 87' lang='lat' dir='ltr'><strong>versu</strong></span> <span class='ocrx_word' id='word_1_41' title='bbox 762 894 843 958; x_wconf 83' lang='lat'>1229</span> <span class='ocrx_word' id='word_1_42' title='bbox 860 893 1032 959; x_wconf 89' lang='lat' dir='ltr'><strong>Herculeus</strong></span> <span class='ocrx_word' id='word_1_43' title='bbox 1049 897 1131 958; x_wconf 83' lang='lat' dir='ltr'><strong>ensis</strong></span> <span class='ocrx_word' id='word_1_44' title='bbox 1146 898 1429 958; x_wconf 79' lang='lat' dir='ltr'><strong>commemoratur.</strong></span> 
     </span>
     <span class='ocr_line' id='line_1_7' title="bbox 276 980 1427 1082; baseline -0.003 -17"><span class='ocrx_word' id='word_1_45' title='bbox 276 980 438 1065; x_wconf 82' lang='lat' dir='ltr'><strong>Bentleius</strong></span> <span class='ocrx_word' id='word_1_46' title='bbox 451 997 491 1081; x_wconf 74' lang='grc'><strong>33)</strong></span> <span class='ocrx_word' id='word_1_47' title='bbox 515 1004 570 1064; x_wconf 90' lang='lat' dir='ltr'><strong>aut</strong></span> <span class='ocrx_word' id='word_1_48' title='bbox 572 1001 676 1062; x_wconf 90' lang='lat' dir='ltr'><strong>emet</strong></span> <span class='ocrx_word' id='word_1_49' title='bbox 662 997 869 1062; x_wconf 84' lang='lat' dir='ltr'><strong>tWithofiua</strong></span> <span class='ocrx_word' id='word_1_50' title='bbox 882 995 937 1080; x_wconf 74' lang='lat'><strong>³⁴)</strong></span> <span class='ocrx_word' id='word_1_51' title='bbox 961 1020 1040 1081; x_wconf 88' lang='lat' dir='ltr'><strong>quos</strong></span> <span class='ocrx_word' id='word_1_52' title='bbox 1059 998 1121 1064; x_wconf 85' lang='lat' dir='ltr'><strong>Leo</strong></span> <span class='ocrx_word' id='word_1_53' title='bbox 1145 997 1195 1082; x_wconf 80' lang='lat' dir='ltr'><strong>(G.</strong></span> <span class='ocrx_word' id='word_1_54' title='bbox 1211 998 1248 1063; x_wconf 82' lang='lat' dir='ltr'><strong>G.</strong></span> <span class='ocrx_word' id='word_1_55' title='bbox 1264 997 1306 1062; x_wconf 96' lang='lat' dir='ltr'><strong>A.</strong></span> <span class='ocrx_word' id='word_1_56' title='bbox 1333 1021 1368 1081; x_wconf 92' lang='lat' dir='ltr'><strong>p.</strong></span> <span class='ocrx_word' id='word_1_57' title='bbox 1387 999 1427 1062; x_wconf 94' lang='grc'><strong>11</strong></span> 
     </span>
     <span class='ocr_line' id='line_1_8' title="bbox 279 1103 1427 1187; baseline -0.004 -19"><span class='ocrx_word' id='word_1_58' title='bbox 279 1107 348 1170; x_wconf 90' lang='lat' dir='ltr'><strong>adn.</strong></span> <span class='ocrx_word' id='word_1_59' title='bbox 368 1103 454 1187; x_wconf 70' lang='lat' dir='ltr'><strong>llet</strong></span> <span class='ocrx_word' id='word_1_60' title='bbox 440 1103 531 1168; x_wconf 88' lang='lat' dir='ltr'><strong>talii</strong></span> <span class='ocrx_word' id='word_1_61' title='bbox 547 1103 645 1167; x_wconf 81' lang='lat' dir='ltr'><strong>secuti</strong></span> <span class='ocrx_word' id='word_1_62' title='bbox 661 1107 744 1180; x_wconf 84' lang='lat' dir='ltr'><strong>sunt,</strong></span> <span class='ocrx_word' id='word_1_63' title='bbox 767 1124 823 1186; x_wconf 92' lang='lat' dir='ltr'><strong>pro</strong></span> <span class='ocrx_word' id='word_1_64' title='bbox 846 1123 921 1167; x_wconf 86' lang='lat' dir='ltr'><strong>vooe</strong></span> <span class='ocrx_word' id='word_1_65' title='bbox 943 1123 1046 1167; x_wconf 86' lang='lat' dir='ltr'><strong>ensem</strong></span> <span class='ocrx_word' id='word_1_66' title='bbox 1072 1105 1272 1168; x_wconf 85' lang='lat' dir='ltr'><strong>coniecerunt</strong></span> <span class='ocrx_word' id='word_1_67' title='bbox 1298 1123 1427 1166; x_wconf 84' lang='lat' dir='ltr'><strong>areum.</strong></span> 
     </span>
     <span class='ocr_line' id='line_1_9' title="bbox 277 1206 1428 1294; baseline -0.002 -21"><span class='ocrx_word' id='word_1_68' title='bbox 277 1214 385 1273; x_wconf 85' lang='lat' dir='ltr'><strong>contra</strong></span> <span class='ocrx_word' id='word_1_69' title='bbox 396 1206 549 1273; x_wconf 84' lang='lat' dir='ltr'><strong>Melaerus</strong></span> <span class='ocrx_word' id='word_1_70' title='bbox 561 1207 604 1292; x_wconf 87' lang='lat' dir='ltr'><strong>(p.</strong></span> <span class='ocrx_word' id='word_1_71' title='bbox 620 1209 724 1271; x_wconf 74' lang='lat' dir='ltr'><strong>dadn.</strong></span> <span class='ocrx_word' id='word_1_72' title='bbox 742 1209 805 1271; x_wconf 93' lang='grc'><strong>2</strong></span> <span class='ocrx_word' id='word_1_73' title='bbox 774 1213 805 1271; x_wconf 90' lang='lat' dir='ltr'><strong>e</strong></span> <span class='ocrx_word' id='word_1_74' title='bbox 815 1231 846 1291; x_wconf 88' lang='lat' dir='ltr'><strong>p.</strong></span> <span class='ocrx_word' id='word_1_75' title='bbox 859 1207 958 1290; x_wconf 85' lang='grc'><strong>29)</strong></span> <span class='ocrx_word' id='word_1_76' title='bbox 927 1230 943 1272; x_wconf 90' lang='lat' dir='ltr'><strong>e</strong></span> <span class='ocrx_word' id='word_1_77' title='bbox 944 1209 1131 1274; x_wconf 83' lang='lat' dir='ltr'><strong>tHarderus</strong></span> <span class='ocrx_word' id='word_1_78' title='bbox 1144 1209 1178 1291; x_wconf 85' lang='lat' dir='ltr'><strong>(l.</strong></span> <span class='ocrx_word' id='word_1_79' title='bbox 1195 1231 1219 1272; x_wconf 88' lang='lat' dir='ltr'><strong>s.</strong></span> <span class='ocrx_word' id='word_1_80' title='bbox 1235 1232 1267 1294; x_wconf 91' lang='lat' dir='ltr'><strong>p.</strong></span> <span class='ocrx_word' id='word_1_81' title='bbox 1280 1208 1348 1271; x_wconf 80' lang='lat'><strong>455</strong></span> <span class='ocrx_word' id='word_1_82' title='bbox 1364 1207 1428 1290; x_wconf 84' lang='lat' dir='ltr'><strong>sq.)</strong></span> 
     </span>
     <span class='ocr_line' id='line_1_10' title="bbox 276 1312 1428 1396; baseline -0.002 -21"><span class='ocrx_word' id='word_1_83' title='bbox 276 1332 381 1376; x_wconf 81' lang='lat' dir='ltr'><strong>ensem</strong></span> <span class='ocrx_word' id='word_1_84' title='bbox 402 1313 461 1378; x_wconf 90' lang='lat' dir='ltr'><strong>hoo</strong></span> <span class='ocrx_word' id='word_1_85' title='bbox 482 1313 551 1377; x_wconf 85' lang='lat' dir='ltr'><strong>loeo</strong></span> <span class='ocrx_word' id='word_1_86' title='bbox 574 1312 772 1376; x_wconf 86' lang='lat' dir='ltr'><strong>retinendum</strong></span> <span class='ocrx_word' id='word_1_87' title='bbox 794 1333 861 1375; x_wconf 88' lang='lat' dir='ltr'><strong>esse</strong></span> <span class='ocrx_word' id='word_1_88' title='bbox 883 1316 1070 1377; x_wconf 87' lang='lat' dir='ltr'><strong>statuerunt.</strong></span> <span class='ocrx_word' id='word_1_89' title='bbox 1115 1335 1196 1396; x_wconf 87' lang='lat' dir='ltr'><strong>quae</strong></span> <span class='ocrx_word' id='word_1_90' title='bbox 1218 1332 1268 1375; x_wconf 84' lang='lat' dir='ltr'><strong>ree</strong></span> <span class='ocrx_word' id='word_1_91' title='bbox 1290 1317 1370 1375; x_wconf 90' lang='lat' dir='ltr'><strong>utut</strong></span> <span class='ocrx_word' id='word_1_92' title='bbox 1395 1331 1428 1374; x_wconf 88' lang='lat' dir='ltr'><strong>se</strong></span> 
     </span>
     <span class='ocr_line' id='line_1_11' title="bbox 276 1414 1427 1493; baseline -0.001 -14"><span class='ocrx_word' id='word_1_93' title='bbox 276 1415 387 1493; x_wconf 77' lang='lat' dir='ltr'><strong>habet,</strong></span> <span class='ocrx_word' id='word_1_94' title='bbox 421 1420 541 1481; x_wconf 87' lang='lat' dir='ltr'><strong>eertum</strong></span> <span class='ocrx_word' id='word_1_95' title='bbox 574 1421 621 1481; x_wconf 91' lang='lat' dir='ltr'><strong>est</strong></span> <span class='ocrx_word' id='word_1_96' title='bbox 644 1415 789 1480; x_wconf 82' lang='lat' dir='ltr'><strong>Herculis</strong></span> <span class='ocrx_word' id='word_1_97' title='bbox 818 1417 947 1481; x_wconf 85' lang='lat' dir='ltr'><strong>alteriue</strong></span> <span class='ocrx_word' id='word_1_98' title='bbox 976 1421 1135 1482; x_wconf 79' lang='lat' dir='ltr'><strong>auctorem</strong></span> <span class='ocrx_word' id='word_1_99' title='bbox 1166 1439 1238 1481; x_wconf 86' lang='lat' dir='ltr'><strong>ense</strong></span> <span class='ocrx_word' id='word_1_100' title='bbox 1262 1414 1427 1480; x_wconf 87' lang='lat' dir='ltr'><strong>Herculeo</strong></span> 
     </span>
     <span class='ocr_line' id='line_1_12' title="bbox 277 1523 807 1607; baseline -0.002 -21"><span class='ocrx_word' id='word_1_101' title='bbox 277 1527 515 1604; x_wconf 87' lang='lat' dir='ltr'><strong>commemorato</strong></span> <span class='ocrx_word' id='word_1_102' title='bbox 536 1544 599 1586; x_wconf 93' lang='lat' dir='ltr'><strong>non</strong></span> <span class='ocrx_word' id='word_1_103' title='bbox 621 1523 807 1607; x_wconf 81' lang='lat' dir='ltr'><strong>peccavisse.</strong></span> 
     </span>
     <span class='ocr_line' id='line_1_13' title="bbox 362 1623 1357 1709; baseline -0.006 -17"><span class='ocrx_word' id='word_1_104' title='bbox 362 1627 512 1692; x_wconf 81' lang='lat' dir='ltr'><strong>Deianira</strong></span> <span class='ocrx_word' id='word_1_105' title='bbox 533 1628 642 1692; x_wconf 85' lang='lat' dir='ltr'><strong>mortis</strong></span> <span class='ocrx_word' id='word_1_106' title='bbox 666 1627 830 1692; x_wconf 85' lang='lat' dir='ltr'><strong>eonsilium</strong></span> <span class='ocrx_word' id='word_1_107' title='bbox 853 1627 903 1690; x_wconf 82' lang='lat' dir='ltr'><strong>hie</strong></span> <span class='ocrx_word' id='word_1_108' title='bbox 926 1627 1029 1690; x_wconf 82' lang='lat' dir='ltr'><strong>verbis</strong></span> <span class='ocrx_word' id='word_1_109' title='bbox 1052 1627 1215 1691; x_wconf 89' lang='lat' dir='ltr'><strong>confirmat</strong></span> <span class='ocrx_word' id='word_1_110' title='bbox 1239 1623 1357 1709; x_wconf 79' lang='lat'>(922):</span> 
     </span>
    </p>

    <p class='ocr_par' dir='ltr' id='par_1_3' title="bbox 429 1731 1090 1814">
     <span class='ocr_line' id='line_1_14' title="bbox 429 1731 1090 1814; baseline -0.002 -20"><span class='ocrx_word' id='word_1_111' title='bbox 429 1731 549 1797; x_wconf 81' lang='lat' dir='ltr'><strong>frustra</strong></span> <span class='ocrx_word' id='word_1_112' title='bbox 571 1736 694 1797; x_wconf 91' lang='lat' dir='ltr'><strong>tenetur</strong></span> <span class='ocrx_word' id='word_1_113' title='bbox 717 1731 848 1814; x_wconf 76' lang='lat' dir='ltr'><strong>ille&#39;qui</strong></span> <span class='ocrx_word' id='word_1_114' title='bbox 871 1731 982 1796; x_wconf 87' lang='lat' dir='ltr'><strong>statuit</strong></span> <span class='ocrx_word' id='word_1_115' title='bbox 1003 1731 1090 1808; x_wconf 81' lang='lat' dir='ltr'><strong>mori,</strong></span> 
     </span>
    </p>

    <p class='ocr_par' dir='ltr' id='par_1_4' title="bbox 430 1835 1174 1919">
     <span class='ocr_line' id='line_1_15' title="bbox 430 1835 1174 1919; baseline -0.003 -21"><span class='ocrx_word' id='word_1_116' title='bbox 430 1836 560 1919; x_wconf 86' lang='lat' dir='ltr'><strong>proinde</strong></span> <span class='ocrx_word' id='word_1_117' title='bbox 581 1837 682 1901; x_wconf 85' lang='lat' dir='ltr'><strong>lucem</strong></span> <span class='ocrx_word' id='word_1_118' title='bbox 705 1837 814 1919; x_wconf 84' lang='lat' dir='ltr'><strong>fugere</strong></span> <span class='ocrx_word' id='word_1_119' title='bbox 837 1836 993 1900; x_wconf 85' lang='lat' dir='ltr'><strong>decretum</strong></span> <span class='ocrx_word' id='word_1_120' title='bbox 1017 1838 1065 1898; x_wconf 87' lang='lat' dir='ltr'><strong>est</strong></span> <span class='ocrx_word' id='word_1_121' title='bbox 1087 1835 1174 1912; x_wconf 85' lang='lat' dir='ltr'><strong>mihi,</strong></span> 
     </span>
    </p>

    <p class='ocr_par' dir='ltr' id='par_1_5' title="bbox 274 1939 1426 2860">
     <span class='ocr_line' id='line_1_16' title="bbox 430 1939 1192 2023; baseline 0.001 -21"><span class='ocrx_word' id='word_1_122' title='bbox 430 1941 510 2004; x_wconf 83' lang='lat' dir='ltr'><strong>vixit</strong></span> <span class='ocrx_word' id='word_1_123' title='bbox 533 1942 609 2004; x_wconf 85' lang='lat' dir='ltr'><strong>satis</strong></span> <span class='ocrx_word' id='word_1_124' title='bbox 632 1941 820 2023; x_wconf 87' lang='lat' dir='ltr'><strong>quicumque</strong></span> <span class='ocrx_word' id='word_1_125' title='bbox 842 1963 913 2005; x_wconf 87' lang='lat' dir='ltr'><strong>oum</strong></span> <span class='ocrx_word' id='word_1_126' title='bbox 935 1939 1048 2005; x_wconf 88' lang='lat' dir='ltr'><strong>Alcide</strong></span> <span class='ocrx_word' id='word_1_127' title='bbox 1070 1939 1192 2005; x_wconf 80' lang='lat' dir='ltr'><strong>occidit.</strong></span> 
     </span>
     <span class='ocr_line' id='line_1_17' title="bbox 276 2042 1425 2126; baseline -0.001 -20"><span class='ocrx_word' id='word_1_128' title='bbox 276 2064 338 2126; x_wconf 91' lang='lat' dir='ltr'><strong>quo</strong></span> <span class='ocrx_word' id='word_1_129' title='bbox 372 2044 409 2107; x_wconf 94' lang='lat' dir='ltr'><strong>de</strong></span> <span class='ocrx_word' id='word_1_130' title='bbox 441 2043 510 2107; x_wconf 86' lang='lat' dir='ltr'><strong>loeo</strong></span> <span class='ocrx_word' id='word_1_131' title='bbox 543 2043 605 2108; x_wconf 87' lang='lat' dir='ltr'><strong>Leo</strong></span> <span class='ocrx_word' id='word_1_132' title='bbox 639 2043 716 2106; x_wconf 86' lang='lat' dir='ltr'><strong>haee</strong></span> <span class='ocrx_word' id='word_1_133' title='bbox 749 2042 849 2108; x_wconf 82' lang='lat' dir='ltr'><strong>dixit:</strong></span> <span class='ocrx_word' id='word_1_134' title='bbox 884 2044 1008 2107; x_wconf 85' lang='lat' dir='ltr'><strong>debuit:</strong></span> <span class='ocrx_word' id='word_1_135' title='bbox 1044 2045 1181 2123; x_wconf 77' lang='lat' dir='ltr'><strong>proinde</strong></span> <span class='ocrx_word' id='word_1_136' title='bbox 1212 2043 1342 2122; x_wconf 72' lang='lat' dir='ltr'><strong>trustra</strong></span> <span class='ocrx_word' id='word_1_137' title='bbox 1375 2063 1425 2105; x_wconf 89' lang='lat' dir='ltr'><strong>me</strong></span> 
     </span>
     <span class='ocr_line' id='line_1_18' title="bbox 274 2131 1425 2228; baseline -0.001 -18"><span class='ocrx_word' id='word_1_138' title='bbox 274 2147 395 2211; x_wconf 84' lang='lat' dir='ltr'><strong>tenetis.</strong></span> <span class='ocrx_word' id='word_1_139' title='bbox 432 2145 534 2210; x_wconf 81' lang='lat' dir='ltr'><strong>diruit:</strong></span> <span class='ocrx_word' id='word_1_140' title='bbox 573 2147 700 2226; x_wconf 72' lang='lat' dir='ltr'><strong>trustra</strong></span> <span class='ocrx_word' id='word_1_141' title='bbox 732 2153 850 2212; x_wconf 90' lang='lat' dir='ltr'><strong>tenetur</strong></span> <span class='ocrx_word' id='word_1_142' title='bbox 883 2148 938 2228; x_wconf 90' lang='lat' dir='ltr'><strong>qui</strong></span> <span class='ocrx_word' id='word_1_143' title='bbox 978 2149 1059 2211; x_wconf 87' lang='lat' dir='ltr'><strong>mori</strong></span> <span class='ocrx_word' id='word_1_144' title='bbox 1096 2148 1246 2227; x_wconf 80' lang='lat' dir='ltr'><strong>decreuit,</strong></span> <span class='ocrx_word' id='word_1_145' title='bbox 1282 2131 1425 2227; x_wconf 87' lang='lat' dir='ltr'><strong>proinde</strong></span> 
     </span>
     <span class='ocr_line' id='line_1_19' title="bbox 275 2249 1426 2334; baseline -0.002 -20"><span class='ocrx_word' id='word_1_146' title='bbox 275 2251 357 2314; x_wconf 88' lang='lat' dir='ltr'><strong>mori</strong></span> <span class='ocrx_word' id='word_1_147' title='bbox 379 2252 520 2328; x_wconf 57' lang='lat' dir='ltr'><strong>demeum</strong></span> <span class='ocrx_word' id='word_1_148' title='bbox 551 2252 677 2331; x_wconf 72' lang='lat' dir='ltr'><strong>trustra</strong></span> <span class='ocrx_word' id='word_1_149' title='bbox 699 2258 819 2317; x_wconf 91' lang='lat' dir='ltr'><strong>tenetur</strong></span> <span class='ocrx_word' id='word_1_150' title='bbox 841 2255 896 2334; x_wconf 89' lang='lat' dir='ltr'><strong>qui</strong></span> <span class='ocrx_word' id='word_1_151' title='bbox 927 2254 1039 2317; x_wconf 82' lang='lat' dir='ltr'><strong>statuit</strong></span> <span class='ocrx_word' id='word_1_152' title='bbox 1059 2254 1150 2328; x_wconf 76' lang='lat' dir='ltr'><strong>mori,</strong></span> <span class='ocrx_word' id='word_1_153' title='bbox 1177 2249 1314 2332; x_wconf 79' lang='lat' dir='ltr'><strong>proinde</strong></span> <span class='ocrx_word' id='word_1_154' title='bbox 1338 2251 1426 2314; x_wconf 89' lang='lat' dir='ltr'><strong>morl</strong></span> 
     </span>
     <span class='ocr_line' id='line_1_20' title="bbox 275 2353 1426 2442; baseline 0 -23"><span class='ocrx_word' id='word_1_155' title='bbox 275 2355 381 2419; x_wconf 86' lang='lat' dir='ltr'><strong>statui.</strong></span> <span class='ocrx_word' id='word_1_156' title='bbox 428 2355 494 2418; x_wconf 82' lang='lat' dir='ltr'><strong>sine</strong></span> <span class='ocrx_word' id='word_1_157' title='bbox 516 2357 611 2421; x_wconf 91' lang='lat' dir='ltr'><strong>dubio</strong></span> <span class='ocrx_word' id='word_1_158' title='bbox 634 2357 726 2422; x_wconf 89' lang='lat' dir='ltr'><strong>aliter</strong></span> <span class='ocrx_word' id='word_1_159' title='bbox 747 2357 824 2422; x_wconf 89' lang='lat' dir='ltr'><strong>haec</strong></span> <span class='ocrx_word' id='word_1_160' title='bbox 854 2357 949 2422; x_wconf 81' lang='lat' dir='ltr'><strong>verba</strong></span> <span class='ocrx_word' id='word_1_161' title='bbox 972 2357 1183 2442; x_wconf 85' lang='lat' dir='ltr'><strong>intellegenda</strong></span> <span class='ocrx_word' id='word_1_162' title='bbox 1206 2360 1288 2419; x_wconf 90' lang='lat' dir='ltr'><strong>sunt.</strong></span> <span class='ocrx_word' id='word_1_163' title='bbox 1321 2353 1426 2419; x_wconf 90' lang='lat' dir='ltr'><strong>Deia-</strong></span> 
     </span>
     <span class='ocr_line' id='line_1_21' title="bbox 276 2459 1425 2546; baseline 0 -25"><span class='ocrx_word' id='word_1_164' title='bbox 276 2459 345 2524; x_wconf 87' lang='lat' dir='ltr'><strong>nira</strong></span> <span class='ocrx_word' id='word_1_165' title='bbox 368 2461 443 2524; x_wconf 88' lang='lat' dir='ltr'><strong>dioit</strong></span> <span class='ocrx_word' id='word_1_166' title='bbox 467 2483 493 2524; x_wconf 80' lang='grc'><strong>1.</strong></span> <span class='ocrx_word' id='word_1_167' title='bbox 511 2461 590 2526; x_wconf 65' lang='grc'><strong>9221</strong></span> <span class='ocrx_word' id='word_1_168' title='bbox 622 2461 749 2527; x_wconf 83' lang='lat' dir='ltr'><strong>‘frustra</strong></span> <span class='ocrx_word' id='word_1_169' title='bbox 772 2461 850 2526; x_wconf 91' lang='lat' dir='ltr'><strong>mihi</strong></span> <span class='ocrx_word' id='word_1_170' title='bbox 873 2483 953 2546; x_wconf 89' lang='lat' dir='ltr'><strong>quae</strong></span> <span class='ocrx_word' id='word_1_171' title='bbox 975 2464 1055 2526; x_wconf 90' lang='lat' dir='ltr'><strong>mori</strong></span> <span class='ocrx_word' id='word_1_172' title='bbox 1077 2461 1175 2526; x_wconf 85' lang='lat' dir='ltr'><strong>statui</strong></span> <span class='ocrx_word' id='word_1_173' title='bbox 1196 2463 1328 2525; x_wconf 87' lang='lat' dir='ltr'><strong>mortem</strong></span> <span class='ocrx_word' id='word_1_174' title='bbox 1355 2459 1425 2522; x_wconf 87' lang='lat' dir='ltr'><strong>dis·</strong></span> 
     </span>
     <span class='ocr_line' id='line_1_22' title="bbox 277 2564 1423 2648; baseline -0.001 -22"><span class='ocrx_word' id='word_1_175' title='bbox 277 2565 398 2643; x_wconf 79' lang='lat' dir='ltr'><strong>suades,</strong></span> <span class='ocrx_word' id='word_1_176' title='bbox 421 2566 552 2648; x_wconf 89' lang='lat' dir='ltr'><strong>proinde</strong></span> <span class='ocrx_word' id='word_1_177' title='bbox 574 2568 727 2632; x_wconf 89' lang='lat' dir='ltr'><strong>moriendi</strong></span> <span class='ocrx_word' id='word_1_178' title='bbox 742 2567 821 2630; x_wconf 91' lang='lat' dir='ltr'><strong>mihi</strong></span> <span class='ocrx_word' id='word_1_179' title='bbox 835 2567 1000 2632; x_wconf 86' lang='lat' dir='ltr'><strong>consilium</strong></span> <span class='ocrx_word' id='word_1_180' title='bbox 1022 2589 1084 2631; x_wconf 90' lang='lat' dir='ltr'><strong>non</strong></span> <span class='ocrx_word' id='word_1_181' title='bbox 1107 2564 1333 2630; x_wconf 83' lang='lat' dir='ltr'><strong>labefactatum</strong></span> <span class='ocrx_word' id='word_1_182' title='bbox 1350 2565 1423 2627; x_wconf 86' lang='lat' dir='ltr'><strong>est’.</strong></span> 
     </span>
     <span class='ocr_line' id='line_1_23' title="bbox 277 2667 1423 2754; baseline -0.003 -21"><span class='ocrx_word' id='word_1_183' title='bbox 277 2691 356 2753; x_wconf 88' lang='lat' dir='ltr'><strong>quae</strong></span> <span class='ocrx_word' id='word_1_184' title='bbox 371 2670 588 2753; x_wconf 83' lang='lat' dir='ltr'><strong>interpretatio</strong></span> <span class='ocrx_word' id='word_1_185' title='bbox 611 2674 638 2735; x_wconf 84' lang='lat' dir='ltr'><strong>si</strong></span> <span class='ocrx_word' id='word_1_186' title='bbox 660 2672 720 2736; x_wconf 91' lang='lat' dir='ltr'><strong>tibi</strong></span> <span class='ocrx_word' id='word_1_187' title='bbox 741 2694 803 2737; x_wconf 92' lang='lat' dir='ltr'><strong>non</strong></span> <span class='ocrx_word' id='word_1_188' title='bbox 828 2671 938 2754; x_wconf 76' lang='lat' dir='ltr'><strong>placet,</strong></span> <span class='ocrx_word' id='word_1_189' title='bbox 962 2694 1032 2735; x_wconf 86' lang='lat' dir='ltr'><strong>cum</strong></span> <span class='ocrx_word' id='word_1_190' title='bbox 1054 2671 1190 2735; x_wconf 84' lang='lat' dir='ltr'><strong>Melzero</strong></span> <span class='ocrx_word' id='word_1_191' title='bbox 1214 2669 1258 2754; x_wconf 82' lang='lat' dir='ltr'><strong>(p.</strong></span> <span class='ocrx_word' id='word_1_192' title='bbox 1274 2667 1329 2749; x_wconf 92' lang='grc'><strong>29)</strong></span> <span class='ocrx_word' id='word_1_193' title='bbox 1347 2689 1423 2731; x_wconf 89' lang='lat' dir='ltr'><strong>ver·</strong></span> 
     </span>
     <span class='ocr_line' id='line_1_24' title="bbox 275 2775 741 2860; baseline 0.011 -24"><span class='ocrx_word' id='word_1_194' title='bbox 275 2795 344 2837; x_wconf 80' lang='lat' dir='ltr'><strong>eum</strong></span> <span class='ocrx_word' id='word_1_195' title='bbox 367 2775 429 2839; x_wconf 87' lang='grc'><strong>924</strong></span> <span class='ocrx_word' id='word_1_196' title='bbox 453 2779 526 2838; x_wconf 91' lang='lat' dir='ltr'><strong>ante</strong></span> <span class='ocrx_word' id='word_1_197' title='bbox 549 2777 611 2841; x_wconf 90' lang='grc'><strong>923</strong></span> <span class='ocrx_word' id='word_1_198' title='bbox 634 2799 741 2860; x_wconf 87' lang='lat' dir='ltr'><strong>ponas.</strong></span> 
     </span>
    </p>

    <p class='ocr_par' dir='ltr' id='par_1_6' title="bbox 363 2877 1229 2963">
     <span class='ocr_line' id='line_1_25' title="bbox 363 2877 1229 2963; baseline 0 -21"><span class='ocrx_word' id='word_1_199' title='bbox 363 2877 428 2942; x_wconf 89' lang='grc' dir='ltr'><strong>ΗΟ</strong></span> <span class='ocrx_word' id='word_1_200' title='bbox 453 2877 552 2941; x_wconf 68' lang='grc'><strong>12681</strong></span> <span class='ocrx_word' id='word_1_201' title='bbox 761 2881 831 2963; x_wconf 86' lang='lat' dir='ltr'><strong>quis</strong></span> <span class='ocrx_word' id='word_1_202' title='bbox 855 2882 919 2945; x_wconf 83' lang='lat' dir='ltr'><strong>dies</strong></span> <span class='ocrx_word' id='word_1_203' title='bbox 942 2879 1051 2943; x_wconf 90' lang='lat' dir='ltr'><strong>fletum</strong></span> <span class='ocrx_word' id='word_1_204' title='bbox 1074 2877 1229 2955; x_wconf 78' lang='lat' dir='ltr'><strong>Herculia,</strong></span> 
     </span>
    </p>

    <p class='ocr_par' dir='ltr' id='par_1_7' title="bbox 429 2984 1142 3065">
     <span class='ocr_line' id='line_1_26' title="bbox 429 2984 1142 3065; baseline 0.003 -19"><span class='ocrx_word' id='word_1_205' title='bbox 429 3003 509 3065; x_wconf 92' lang='lat' dir='ltr'><strong>quae</strong></span> <span class='ocrx_word' id='word_1_206' title='bbox 531 2989 616 3047; x_wconf 89' lang='lat' dir='ltr'><strong>terra</strong></span> <span class='ocrx_word' id='word_1_207' title='bbox 637 2984 738 3049; x_wconf 82' lang='lat' dir='ltr'><strong>vidit?</strong></span> <span class='ocrx_word' id='word_1_208' title='bbox 762 2987 861 3050; x_wconf 84' lang='lat' dir='ltr'><strong>siccus</strong></span> <span class='ocrx_word' id='word_1_209' title='bbox 884 3005 1048 3049; x_wconf 83' lang='lat' dir='ltr'><strong>aerumnas</strong></span> <span class='ocrx_word' id='word_1_210' title='bbox 1071 2984 1142 3048; x_wconf 89' lang='lat' dir='ltr'><strong>tuli.</strong></span> 
     </span>
    </p>

    <p class='ocr_par' dir='ltr' id='par_1_8' title="bbox 431 3087 1091 3173">
     <span class='ocr_line' id='line_1_27' title="bbox 431 3087 1091 3173; baseline 0.002 -22"><span class='ocrx_word' id='word_1_211' title='bbox 431 3087 490 3151; x_wconf 91' lang='lat' dir='ltr'><strong>tibi</strong></span> <span class='ocrx_word' id='word_1_212' title='bbox 512 3088 567 3152; x_wconf 87' lang='lat' dir='ltr'><strong>illa</strong></span> <span class='ocrx_word' id='word_1_213' title='bbox 589 3088 697 3167; x_wconf 85' lang='lat' dir='ltr'><strong>virtus,</strong></span> <span class='ocrx_word' id='word_1_214' title='bbox 721 3110 801 3173; x_wconf 92' lang='lat' dir='ltr'><strong>quae</strong></span> <span class='ocrx_word' id='word_1_215' title='bbox 823 3097 872 3154; x_wconf 92' lang='lat' dir='ltr'><strong>tot</strong></span> <span class='ocrx_word' id='word_1_216' title='bbox 894 3090 976 3153; x_wconf 82' lang='lat' dir='ltr'><strong>elisit</strong></span> <span class='ocrx_word' id='word_1_217' title='bbox 998 3089 1091 3166; x_wconf 87' lang='lat' dir='ltr'><strong>mala,</strong></span> 
     </span>
    </p>

    <p class='ocr_par' dir='ltr' id='par_1_9' title="bbox 430 3192 1197 3277">
     <span class='ocr_line' id='line_1_28' title="bbox 430 3192 1197 3277; baseline 0.001 -23"><span class='ocrx_word' id='word_1_218' title='bbox 430 3192 489 3255; x_wconf 92' lang='lat' dir='ltr'><strong>tibi</strong></span> <span class='ocrx_word' id='word_1_219' title='bbox 512 3194 605 3256; x_wconf 85' lang='lat' dir='ltr'><strong>oeseit</strong></span> <span class='ocrx_word' id='word_1_220' title='bbox 628 3195 697 3271; x_wconf 90' lang='lat' dir='ltr'><strong>uni;</strong></span> <span class='ocrx_word' id='word_1_221' title='bbox 721 3195 822 3277; x_wconf 90' lang='lat' dir='ltr'><strong>prima</strong></span> <span class='ocrx_word' id='word_1_222' title='bbox 845 3200 875 3259; x_wconf 93' lang='lat' dir='ltr'><strong>et</strong></span> <span class='ocrx_word' id='word_1_223' title='bbox 899 3198 972 3259; x_wconf 89' lang='lat' dir='ltr'><strong>ante</strong></span> <span class='ocrx_word' id='word_1_224' title='bbox 994 3194 1096 3258; x_wconf 84' lang='lat' dir='ltr'><strong>omnis</strong></span> <span class='ocrx_word' id='word_1_225' title='bbox 1119 3192 1197 3258; x_wconf 90' lang='lat' dir='ltr'><strong>mihi</strong></span> 
     </span>
    </p>

    <p class='ocr_par' dir='ltr' id='par_1_10' title="bbox 429 3296 1110 3365">
     <span class='ocr_line' id='line_1_29' title="bbox 429 3296 1110 3365; baseline 0.004 -5"><span class='ocrx_word' id='word_1_226' title='bbox 429 3296 538 3361; x_wconf 85' lang='lat' dir='ltr'><strong>fletum</strong></span> <span class='ocrx_word' id='word_1_227' title='bbox 561 3297 736 3364; x_wconf 87' lang='lat' dir='ltr'><strong>abstulisti:</strong></span> <span class='ocrx_word' id='word_1_228' title='bbox 760 3301 865 3365; x_wconf 88' lang='lat' dir='ltr'><strong>durior</strong></span> <span class='ocrx_word' id='word_1_229' title='bbox 887 3321 962 3365; x_wconf 82' lang='lat' dir='ltr'><strong>saxo</strong></span> <span class='ocrx_word' id='word_1_230' title='bbox 984 3299 1110 3364; x_wconf 89' lang='lat' dir='ltr'><strong>horrido</strong></span> 
     </span>
    </p>

    <p class='ocr_par' dir='ltr' id='par_1_11' title="bbox 432 3400 1154 3490">
     <span class='ocr_line' id='line_1_30' title="bbox 432 3400 1154 3490; baseline -0.004 -25"><span class='ocrx_word' id='word_1_231' title='bbox 432 3405 464 3465; x_wconf 88' lang='lat' dir='ltr'><strong>et</strong></span> <span class='ocrx_word' id='word_1_232' title='bbox 486 3400 619 3486; x_wconf 82' lang='lat' dir='ltr'><strong>chalybe</strong></span> <span class='ocrx_word' id='word_1_233' title='bbox 640 3403 744 3468; x_wconf 84' lang='lat' dir='ltr'><strong>voltus</strong></span> <span class='ocrx_word' id='word_1_234' title='bbox 767 3408 798 3468; x_wconf 90' lang='lat' dir='ltr'><strong>et</strong></span> <span class='ocrx_word' id='word_1_235' title='bbox 820 3425 902 3490; x_wconf 82' lang='lat' dir='ltr'><strong>vaga</strong></span> <span class='ocrx_word' id='word_1_236' title='bbox 924 3401 1154 3488; x_wconf 85' lang='lat' dir='ltr'><strong>Symphlegade</strong></span> 
     </span>
    </p>

    <p class='ocr_par' dir='ltr' id='par_1_12' title="bbox 275 3503 1418 4214">
     <span class='ocr_line' id='line_1_31' title="bbox 429 3503 1197 3593; baseline -0.001 -26"><span class='ocrx_word' id='word_1_237' title='bbox 429 3505 525 3569; x_wconf 86' lang='lat' dir='ltr'><strong>rietus</strong></span> <span class='ocrx_word' id='word_1_238' title='bbox 559 3529 643 3572; x_wconf 87' lang='lat' dir='ltr'><strong>meos</strong></span> <span class='ocrx_word' id='word_1_239' title='bbox 676 3507 808 3593; x_wconf 82' lang='lat' dir='ltr'><strong>infregit</strong></span> <span class='ocrx_word' id='word_1_240' title='bbox 830 3515 860 3573; x_wconf 90' lang='lat' dir='ltr'><strong>et</strong></span> <span class='ocrx_word' id='word_1_241' title='bbox 882 3509 1044 3574; x_wconf 81' lang='lat' dir='ltr'><strong>lacrimam</strong></span> <span class='ocrx_word' id='word_1_242' title='bbox 1067 3503 1197 3586; x_wconf 85' lang='lat' dir='ltr'><strong>expulit.</strong></span> 
     </span>
     <span class='ocr_line' id='line_1_32' title="bbox 275 3606 1418 3691; baseline -0.003 -20"><span class='ocrx_word' id='word_1_243' title='bbox 275 3607 337 3672; x_wconf 86' lang='lat' dir='ltr'><strong>Leo</strong></span> <span class='ocrx_word' id='word_1_244' title='bbox 360 3608 538 3674; x_wconf 82' lang='lat' dir='ltr'><strong>adnotavit:</strong></span> <span class='ocrx_word' id='word_1_245' title='bbox 562 3631 655 3676; x_wconf 87' lang='lat' dir='ltr'><strong>suum</strong></span> <span class='ocrx_word' id='word_1_246' title='bbox 676 3614 794 3678; x_wconf 82' lang='lat' dir='ltr'><strong>scilieet</strong></span> <span class='ocrx_word' id='word_1_247' title='bbox 807 3614 927 3678; x_wconf 85' lang='lat' dir='ltr'><strong>uultum</strong></span> <span class='ocrx_word' id='word_1_248' title='bbox 950 3610 1098 3691; x_wconf 86' lang='lat' dir='ltr'><strong>superari</strong></span> <span class='ocrx_word' id='word_1_249' title='bbox 1120 3629 1182 3672; x_wconf 91' lang='lat' dir='ltr'><strong>non</strong></span> <span class='ocrx_word' id='word_1_250' title='bbox 1192 3606 1418 3688; x_wconf 86' lang='lat' dir='ltr'><strong>potuissenisi</strong></span> 
     </span>
     <span class='ocr_line' id='line_1_33' title="bbox 276 3711 1417 3798; baseline -0.002 -22"><span class='ocrx_word' id='word_1_251' title='bbox 276 3711 342 3776; x_wconf 88' lang='lat' dir='ltr'><strong>ulio</strong></span> <span class='ocrx_word' id='word_1_252' title='bbox 364 3712 452 3776; x_wconf 90' lang='lat' dir='ltr'><strong>uultu</strong></span> <span class='ocrx_word' id='word_1_253' title='bbox 485 3715 578 3778; x_wconf 85' lang='lat' dir='ltr'><strong>etium</strong></span> <span class='ocrx_word' id='word_1_254' title='bbox 609 3715 737 3781; x_wconf 89' lang='lat' dir='ltr'><strong>duriore</strong></span> <span class='ocrx_word' id='word_1_255' title='bbox 761 3719 898 3798; x_wconf 81' lang='lat' dir='ltr'><strong>putidus</strong></span> <span class='ocrx_word' id='word_1_256' title='bbox 919 3734 1031 3780; x_wconf 84' lang='lat' dir='ltr'><strong>sensus</strong></span> <span class='ocrx_word' id='word_1_257' title='bbox 1054 3719 1111 3792; x_wconf 83' lang='lat' dir='ltr'><strong>est‚·</strong></span> <span class='ocrx_word' id='word_1_258' title='bbox 1143 3733 1202 3793; x_wconf 89' lang='lat' dir='ltr'><strong>quo</strong></span> <span class='ocrx_word' id='word_1_259' title='bbox 1224 3715 1417 3793; x_wconf 78' lang='lat' dir='ltr'><strong>quantopere</strong></span> 
     </span>
     <span class='ocr_line' id='line_1_34' title="bbox 275 3815 1416 3900; baseline -0.002 -20"><span class='ocrx_word' id='word_1_260' title='bbox 275 3817 407 3896; x_wconf 85' lang='lat' dir='ltr'><strong>ineptiut</strong></span> <span class='ocrx_word' id='word_1_261' title='bbox 439 3818 522 3880; x_wconf 80' lang='lat' dir='ltr'><strong>seles</strong></span> <span class='ocrx_word' id='word_1_262' title='bbox 559 3819 589 3881; x_wconf 87' lang='lat' dir='ltr'><strong>si</strong></span> <span class='ocrx_word' id='word_1_263' title='bbox 622 3821 850 3900; x_wconf 84' lang='lat' dir='ltr'><strong>praecedentem</strong></span> <span class='ocrx_word' id='word_1_264' title='bbox 885 3819 1039 3885; x_wconf 85' lang='lat' dir='ltr'><strong>sermonis</strong></span> <span class='ocrx_word' id='word_1_265' title='bbox 1071 3822 1197 3900; x_wconf 89' lang='lat' dir='ltr'><strong>partem</strong></span> <span class='ocrx_word' id='word_1_266' title='bbox 1230 3815 1416 3898; x_wconf 82' lang='lat' dir='ltr'><strong>perteperis.</strong></span> 
     </span>
     <span class='ocr_line' id='line_1_35' title="bbox 275 3919 1416 4006; baseline -0.002 -22"><span class='ocrx_word' id='word_1_267' title='bbox 275 3940 383 4000; x_wconf 87' lang='lat' dir='ltr'><strong>nempe</strong></span> <span class='ocrx_word' id='word_1_268' title='bbox 405 3920 520 3986; x_wconf 83' lang='lat' dir='ltr'><strong>itermn</strong></span> <span class='ocrx_word' id='word_1_269' title='bbox 548 3922 721 4005; x_wconf 80' lang='lat' dir='ltr'><strong>iterumque</strong></span> <span class='ocrx_word' id='word_1_270' title='bbox 754 3930 884 4006; x_wconf 81' lang='lat' dir='ltr'><strong>questus</strong></span> <span class='ocrx_word' id='word_1_271' title='bbox 907 3922 1057 4005; x_wconf 87' lang='lat' dir='ltr'><strong>estquod</strong></span> <span class='ocrx_word' id='word_1_272' title='bbox 1085 3927 1206 4003; x_wconf 88' lang='lat' dir='ltr'><strong>pestem</strong></span> <span class='ocrx_word' id='word_1_273' title='bbox 1237 3941 1318 4003; x_wconf 85' lang='lat' dir='ltr'><strong>quae</strong></span> <span class='ocrx_word' id='word_1_274' title='bbox 1344 3919 1416 4003; x_wconf 74' lang='lat' dir='ltr'><strong>fian</strong></span> 
     </span>
     <span class='ocr_line' id='line_1_36' title="bbox 275 4025 1416 4111; baseline 0 -23"><span class='ocrx_word' id='word_1_275' title='bbox 275 4025 423 4090; x_wconf 83' lang='lat' dir='ltr'><strong>medullis</strong></span> <span class='ocrx_word' id='word_1_276' title='bbox 457 4026 551 4091; x_wconf 90' lang='lat' dir='ltr'><strong>luteut</strong></span> <span class='ocrx_word' id='word_1_277' title='bbox 584 4047 757 4109; x_wconf 78' lang='lat' dir='ltr'><strong>corpusque</strong></span> <span class='ocrx_word' id='word_1_278' title='bbox 788 4031 875 4093; x_wconf 81' lang='lat' dir='ltr'><strong>intus</strong></span> <span class='ocrx_word' id='word_1_279' title='bbox 905 4028 1110 4111; x_wconf 83' lang='lat' dir='ltr'><strong>depopuletur</strong></span> <span class='ocrx_word' id='word_1_280' title='bbox 1144 4027 1247 4090; x_wconf 86' lang='lat' dir='ltr'><strong>uidere</strong></span> <span class='ocrx_word' id='word_1_281' title='bbox 1284 4029 1416 4106; x_wconf 84' lang='lat' dir='ltr'><strong>nequent</strong></span> 
     </span>
     <span class='ocr_line' id='line_1_37' title="bbox 275 4127 1415 4214; baseline 0 -22"><span class='ocrx_word' id='word_1_282' title='bbox 275 4127 466 4212; x_wconf 89' lang='lat' dir='ltr'><strong>multumque</strong></span> <span class='ocrx_word' id='word_1_283' title='bbox 487 4130 644 4196; x_wconf 86' lang='lat' dir='ltr'><strong>diuinuvit</strong></span> <span class='ocrx_word' id='word_1_284' title='bbox 665 4153 832 4214; x_wconf 83' lang='lat' dir='ltr'><strong>serpensne</strong></span> <span class='ocrx_word' id='word_1_285' title='bbox 852 4134 893 4197; x_wconf 86' lang='lat' dir='ltr'><strong>sit</strong></span> <span class='ocrx_word' id='word_1_286' title='bbox 914 4154 958 4198; x_wconf 89' lang='lat' dir='ltr'><strong>uu</strong></span> <span class='ocrx_word' id='word_1_287' title='bbox 984 4133 1104 4198; x_wconf 86' lang='lat' dir='ltr'><strong>mulum</strong></span> <span class='ocrx_word' id='word_1_288' title='bbox 1132 4129 1260 4213; x_wconf 85' lang='lat' dir='ltr'><strong>aliquod</strong></span> <span class='ocrx_word' id='word_1_289' title='bbox 1282 4135 1309 4194; x_wconf 87' lang='lat' dir='ltr'><strong>et</strong></span> <span class='ocrx_word' id='word_1_290' title='bbox 1330 4128 1415 4193; x_wconf 89' lang='lat' dir='ltr'><strong>Her-</strong></span> 
     </span>
    </p>
   </div>
   <div class='ocr_carea' id='block_1_3' title="bbox 275 4248 1412 4456">
    <p class='ocr_par' dir='ltr' id='par_1_13' title="bbox 275 4248 1412 4456">
     <span class='ocr_line' id='line_1_38' title="bbox 346 4248 773 4334; baseline 0.013 -31.317"><span class='ocrx_word' id='word_1_291' title='bbox 346 4248 468 4316; x_wconf 76' lang='lat' dir='ltr'><strong>⁸³)Ann.</strong></span> <span class='ocrx_word' id='word_1_292' title='bbox 488 4249 580 4304; x_wconf 80' lang='lat' dir='ltr'><strong>Fleok.</strong></span> <span class='ocrx_word' id='word_1_293' title='bbox 601 4253 695 4334; x_wconf 80' lang='lat' dir='ltr'><strong>125p.</strong></span> <span class='ocrx_word' id='word_1_294' title='bbox 713 4253 773 4308; x_wconf 83' lang='lat'><strong>483.</strong></span> 
     </span>
     <span class='ocr_line' id='line_1_39' title="bbox 275 4317 1412 4456; baseline -0.004 -81"><span class='ocrx_word' id='word_1_295' title='bbox 275 4404 303 4456; x_wconf 72' lang='lat' dir='ltr'><strong>p</strong></span> <span class='ocrx_word' id='word_1_296' title='bbox 323 4317 581 4442; x_wconf 56' lang='lat' dir='ltr'><strong>1{⁴llPrae1netinm</strong></span> <span class='ocrx_word' id='word_1_297' title='bbox 610 4323 729 4377; x_wconf 82' lang='lat' dir='ltr'><strong>crucium</strong></span> <span class='ocrx_word' id='word_1_298' title='bbox 757 4324 917 4378; x_wconf 84' lang='lat' dir='ltr'><strong>eritiearnm</strong></span> <span class='ocrx_word' id='word_1_299' title='bbox 943 4323 1094 4393; x_wconf 83' lang='lat' dir='ltr'><strong>praecipue</strong></span> <span class='ocrx_word' id='word_1_300' title='bbox 1121 4337 1154 4375; x_wconf 86' lang='lat' dir='ltr'><strong>ex</strong></span> <span class='ocrx_word' id='word_1_301' title='bbox 1173 4320 1278 4375; x_wconf 78' lang='lat' dir='ltr'><strong>Seneca</strong></span> <span class='ocrx_word' id='word_1_302' title='bbox 1306 4317 1412 4388; x_wconf 80' lang='lat' dir='ltr'><strong>tragico</strong></span> 
     </span>
    </p>
   </div>
   <div class='ocr_carea' id='block_1_4' title="bbox 0 0 1484 4952">
    <p class='ocr_par' dir='ltr' id='par_1_14' title="bbox 0 0 1484 4952">
     <span class='ocr_line' id='line_1_40' title="bbox 0 0 1484 4952; baseline 0 0"><span class='ocrx_word' id='word_1_303' title='bbox 0 0 1484 4952; x_wconf 95' lang='lat' dir='ltr'><strong> </strong></span> 
     </span>
    </p>
   </div>
  </div>
 </body>
</html>
