<?xml version="1.0" encoding="UTF-8"?>
<!DOCTYPE html PUBLIC "-//W3C//DTD XHTML 1.0 Transitional//EN"
    "http://www.w3.org/TR/xhtml1/DTD/xhtml1-transitional.dtd">
<html xmlns="http://www.w3.org/1999/xhtml" xml:lang="en" lang="en">
 <head>
  <title>
</title>
<meta http-equiv="Content-Type" content="text/html;charset=utf-8" />
  <meta name='ocr-system' content='tesseract 3.04.00' />
  <meta name='ocr-capabilities' content='ocr_page ocr_carea ocr_par ocr_line ocrx_word'/>
</head>
<body>
  <div class='ocr_page' id='page_1' title='image "./desenecaehercul00ackegoog_0064.png"; bbox 0 0 2958 4952; ppageno 0'>
   <div class='ocr_carea' id='block_1_1' title="bbox 616 315 656 380">
    <p class='ocr_par' dir='ltr' id='par_1_1' title="bbox 616 315 656 380">
     <span class='ocr_line' id='line_1_1' title="bbox 616 315 656 380; baseline 0.05 -2"><span class='ocrx_word' id='word_1_1' title='bbox 616 315 656 380; x_wconf 92' lang='grc'>61</span> 
     </span>
    </p>
   </div>
   <div class='ocr_carea' id='block_1_2' title="bbox 61 486 1213 886">
    <p class='ocr_par' dir='ltr' id='par_1_2' title="bbox 61 486 1213 886">
     <span class='ocr_line' id='line_1_2' title="bbox 63 486 1212 577; baseline -0.006 -19"><span class='ocrx_word' id='word_1_2' title='bbox 63 499 161 577; x_wconf 87' lang='lat' dir='ltr'>atque</span> <span class='ocrx_word' id='word_1_3' title='bbox 176 494 237 575; x_wconf 76' lang='lat' dir='ltr'>Ap.</span> <span class='ocrx_word' id='word_1_4' title='bbox 255 492 318 556; x_wconf 91' lang='grc'>258</span> <span class='ocrx_word' id='word_1_5' title='bbox 343 489 502 572; x_wconf 82' lang='lat' dir='ltr'>(ultimum</span> <span class='ocrx_word' id='word_1_6' title='bbox 525 494 569 552; x_wconf 83' lang='lat' dir='ltr'>est</span> <span class='ocrx_word' id='word_1_7' title='bbox 585 492 701 568; x_wconf 83' lang='grc'>555655</span> <span class='ocrx_word' id='word_1_8' title='bbox 716 487 845 565; x_wconf 82' lang='lat' dir='ltr'>mulum,</span> <span class='ocrx_word' id='word_1_9' title='bbox 868 486 985 552; x_wconf 84' lang='lat' dir='ltr'>Palam</span> <span class='ocrx_word' id='word_1_10' title='bbox 999 490 1118 553; x_wconf 76' lang='lat' dir='ltr'>marita</span> <span class='ocrx_word' id='word_1_11' title='bbox 1135 507 1212 568; x_wconf 80' lang='lat' dir='ltr'>pos·</span> 
     </span>
     <span class='ocr_line' id='line_1_3' title="bbox 63 593 1212 679; baseline -0.005 -17"><span class='ocrx_word' id='word_1_12' title='bbox 63 597 172 662; x_wconf 78' lang='lat' dir='ltr'>sidcus</span> <span class='ocrx_word' id='word_1_13' title='bbox 190 596 304 679; x_wconf 79' lang='grc'>5556555</span> <span class='ocrx_word' id='word_1_14' title='bbox 326 594 465 676; x_wconf 83' lang='lat' dir='ltr'>domum)</span> <span class='ocrx_word' id='word_1_15' title='bbox 499 595 561 658; x_wconf 93' lang='lat' dir='ltr'>iam</span> <span class='ocrx_word' id='word_1_16' title='bbox 591 593 694 677; x_wconf 88' lang='lat' dir='ltr'>prima</span> <span class='ocrx_word' id='word_1_17' title='bbox 726 614 838 656; x_wconf 87' lang='lat' dir='ltr'>manus</span> <span class='ocrx_word' id='word_1_18' title='bbox 865 593 984 656; x_wconf 83' lang='lat' dir='ltr'>marita</span> <span class='ocrx_word' id='word_1_19' title='bbox 1014 595 1149 657; x_wconf 85' lang='lat' dir='ltr'>correxit</span> <span class='ocrx_word' id='word_1_20' title='bbox 1178 595 1212 658; x_wconf 90' lang='grc'>15</span> 
     </span>
     <span class='ocr_line' id='line_1_4' title="bbox 61 697 1211 784; baseline -0.003 -19"><span class='ocrx_word' id='word_1_21' title='bbox 61 702 185 779; x_wconf 78' lang='lat' dir='ltr'>mariti,</span> <span class='ocrx_word' id='word_1_22' title='bbox 209 700 293 784; x_wconf 89' lang='lat' dir='ltr'>quod</span> <span class='ocrx_word' id='word_1_23' title='bbox 307 697 477 764; x_wconf 85' lang='lat' dir='ltr'>Richterus</span> <span class='ocrx_word' id='word_1_24' title='bbox 499 719 598 782; x_wconf 85' lang='lat' dir='ltr'>nuper</span> <span class='ocrx_word' id='word_1_25' title='bbox 620 697 687 782; x_wconf 88' lang='grc'>1555</span> <span class='ocrx_word' id='word_1_26' title='bbox 709 698 743 760; x_wconf 88' lang='grc'>15</span> <span class='ocrx_word' id='word_1_27' title='bbox 766 701 888 762; x_wconf 88' lang='lat' dir='ltr'>textum</span> <span class='ocrx_word' id='word_1_28' title='bbox 910 699 1037 780; x_wconf 87' lang='lat' dir='ltr'>recepit.</span> <span class='ocrx_word' id='word_1_29' title='bbox 1062 698 1211 763; x_wconf 89' lang='lat' dir='ltr'>differen-</span> 
     </span>
     <span class='ocr_line' id='line_1_5' title="bbox 62 800 1213 886; baseline -0.002 -18"><span class='ocrx_word' id='word_1_30' title='bbox 62 806 110 868; x_wconf 91' lang='lat' dir='ltr'>tia</span> <span class='ocrx_word' id='word_1_31' title='bbox 132 805 232 886; x_wconf 83' lang='lat' dir='ltr'>igitur</span> <span class='ocrx_word' id='word_1_32' title='bbox 253 823 318 866; x_wconf 88' lang='lat' dir='ltr'>non</span> <span class='ocrx_word' id='word_1_33' title='bbox 340 805 454 866; x_wconf 86' lang='lat' dir='ltr'>exstat.</span> <span class='ocrx_word' id='word_1_34' title='bbox 479 801 533 865; x_wconf 88' lang='lat' dir='ltr'>sed</span> <span class='ocrx_word' id='word_1_35' title='bbox 556 822 612 884; x_wconf 92' lang='lat' dir='ltr'>pro</span> <span class='ocrx_word' id='word_1_36' title='bbox 635 800 802 864; x_wconf 88' lang='lat' dir='ltr'>corollario</span> <span class='ocrx_word' id='word_1_37' title='bbox 834 801 914 866; x_wconf 88' lang='lat' dir='ltr'>addo</span> <span class='ocrx_word' id='word_1_38' title='bbox 947 801 1213 886; x_wconf 79' lang='lat' dir='ltr'><strong>praepositionem</strong></span> 
     </span>
    </p>
   </div>
   <div class='ocr_carea' id='block_1_3' title="bbox 63 902 1212 1095">
    <p class='ocr_par' dir='ltr' id='par_1_3' title="bbox 63 902 1212 1095">
     <span class='ocr_line' id='line_1_6' title="bbox 63 902 1212 987; baseline -0.002 -14"><span class='ocrx_word' id='word_1_39' title='bbox 63 929 172 973; x_wconf 78' lang='grc'>555555</span> <span class='ocrx_word' id='word_1_40' title='bbox 195 907 291 971; x_wconf 88' lang='lat' dir='ltr'>semel</span> <span class='ocrx_word' id='word_1_41' title='bbox 304 911 431 970; x_wconf 85' lang='lat' dir='ltr'>tantum</span> <span class='ocrx_word' id='word_1_42' title='bbox 445 907 634 987; x_wconf 87' lang='lat' dir='ltr'>usurpatam</span> <span class='ocrx_word' id='word_1_43' title='bbox 650 925 717 968; x_wconf 87' lang='lat' dir='ltr'>esse</span> <span class='ocrx_word' id='word_1_44' title='bbox 731 903 793 984; x_wconf 72' lang='lat' dir='ltr'>Hf.</span> <span class='ocrx_word' id='word_1_45' title='bbox 811 904 895 968; x_wconf 85' lang='lat'>1264</span> <span class='ocrx_word' id='word_1_46' title='bbox 912 906 1065 987; x_wconf 78' lang='grc'>(55516555</span> <span class='ocrx_word' id='word_1_47' title='bbox 1080 902 1212 987; x_wconf 85' lang='lat' dir='ltr'>coram).</span> 
     </span>
     <span class='ocr_line' id='line_1_7' title="bbox 153 1007 1211 1095; baseline -0.002 -19"><span class='ocrx_word' id='word_1_48' title='bbox 153 1013 274 1090; x_wconf 78' lang='lat' dir='ltr'>Potius,</span> <span class='ocrx_word' id='word_1_49' title='bbox 298 1011 382 1095; x_wconf 88' lang='lat' dir='ltr'>quod</span> <span class='ocrx_word' id='word_1_50' title='bbox 396 1007 454 1086; x_wconf 85' lang='lat' dir='ltr'>Hf.</span> <span class='ocrx_word' id='word_1_51' title='bbox 473 1009 556 1073; x_wconf 84' lang='lat'>1265</span> <span class='ocrx_word' id='word_1_52' title='bbox 575 1008 654 1090; x_wconf 76' lang='grc'>1755.</span> <span class='ocrx_word' id='word_1_53' title='bbox 674 1009 748 1084; x_wconf 91' lang='grc'>522,</span> <span class='ocrx_word' id='word_1_54' title='bbox 771 1007 888 1072; x_wconf 85' lang='grc' dir='ltr'>Ρ6555.</span> <span class='ocrx_word' id='word_1_55' title='bbox 907 1009 977 1086; x_wconf 92' lang='grc'>110,</span> <span class='ocrx_word' id='word_1_56' title='bbox 994 1010 1068 1089; x_wconf 92' lang='grc'>494,</span> <span class='ocrx_word' id='word_1_57' title='bbox 1092 1009 1211 1074; x_wconf 83' lang='lat' dir='ltr'>Pdccd.</span> 
     </span>
    </p>
   </div>
   <div class='ocr_carea' id='block_1_4' title="bbox 62 1112 1211 1930">
    <p class='ocr_par' dir='ltr' id='par_1_4' title="bbox 62 1112 1211 1930">
     <span class='ocr_line' id='line_1_8' title="bbox 63 1112 1210 1195; baseline -0.003 -13"><span class='ocrx_word' id='word_1_58' title='bbox 63 1119 139 1195; x_wconf 85' lang='lat'>613,</span> <span class='ocrx_word' id='word_1_59' title='bbox 163 1117 236 1193; x_wconf 86' lang='lat'><strong>655,</strong></span> <span class='ocrx_word' id='word_1_60' title='bbox 262 1113 443 1192; x_wconf 77' lang='grc'>622,]11556.</span> <span class='ocrx_word' id='word_1_61' title='bbox 469 1114 542 1189; x_wconf 83' lang='lat'>507,</span> <span class='ocrx_word' id='word_1_62' title='bbox 568 1112 684 1177; x_wconf 80' lang='lat' dir='ltr'>Troad.</span> <span class='ocrx_word' id='word_1_63' title='bbox 709 1113 783 1192; x_wconf 90' lang='grc'>355,</span> <span class='ocrx_word' id='word_1_64' title='bbox 808 1113 880 1190; x_wconf 87' lang='grc'>694,</span> <span class='ocrx_word' id='word_1_65' title='bbox 908 1113 971 1178; x_wconf 91' lang='grc'>056.</span> <span class='ocrx_word' id='word_1_66' title='bbox 998 1115 1049 1193; x_wconf 92' lang='grc'>76,</span> <span class='ocrx_word' id='word_1_67' title='bbox 1073 1115 1136 1178; x_wconf 88' lang='grc'>580</span> <span class='ocrx_word' id='word_1_68' title='bbox 1157 1136 1210 1178; x_wconf 88' lang='lat' dir='ltr'>re·</span> 
     </span>
     <span class='ocr_line' id='line_1_9' title="bbox 62 1216 1210 1306; baseline -0.002 -20"><span class='ocrx_word' id='word_1_69' title='bbox 62 1223 225 1306; x_wconf 78' lang='lat' dir='ltr'>periatur,</span> <span class='ocrx_word' id='word_1_70' title='bbox 259 1241 415 1304; x_wconf 81' lang='lat' dir='ltr'>nusquam</span> <span class='ocrx_word' id='word_1_71' title='bbox 449 1220 482 1282; x_wconf 89' lang='lat' dir='ltr'>in</span> <span class='ocrx_word' id='word_1_72' title='bbox 511 1216 587 1296; x_wconf 89' lang='grc' dir='ltr'>Ηο,</span> <span class='ocrx_word' id='word_1_73' title='bbox 621 1216 712 1296; x_wconf 75' lang='grc'>0551,</span> <span class='ocrx_word' id='word_1_74' title='bbox 742 1218 805 1300; x_wconf 72' lang='lat' dir='ltr'>Ap.</span> <span class='ocrx_word' id='word_1_75' title='bbox 833 1216 899 1302; x_wconf 84' lang='lat' dir='ltr'>legi</span> <span class='ocrx_word' id='word_1_76' title='bbox 921 1216 1090 1284; x_wconf 87' lang='lat' dir='ltr'>Richterus</span> <span class='ocrx_word' id='word_1_77' title='bbox 1121 1219 1210 1284; x_wconf 86' lang='lat' dir='ltr'>dixit.</span> 
     </span>
     <span class='ocr_line' id='line_1_10' title="bbox 62 1321 1211 1406; baseline -0.001 -16"><span class='ocrx_word' id='word_1_78' title='bbox 62 1349 97 1390; x_wconf 86' lang='lat' dir='ltr'>re</span> <span class='ocrx_word' id='word_1_79' title='bbox 112 1348 186 1392; x_wconf 87' lang='grc'>5555</span> <span class='ocrx_word' id='word_1_80' title='bbox 210 1329 317 1390; x_wconf 88' lang='lat' dir='ltr'>autem</span> <span class='ocrx_word' id='word_1_81' title='bbox 338 1324 416 1388; x_wconf 89' lang='lat' dir='ltr'>haec</span> <span class='ocrx_word' id='word_1_82' title='bbox 428 1323 585 1406; x_wconf 86' lang='lat' dir='ltr'>particula</span> <span class='ocrx_word' id='word_1_83' title='bbox 594 1323 772 1386; x_wconf 80' lang='lat' dir='ltr'>invenitur:</span> <span class='ocrx_word' id='word_1_84' title='bbox 795 1321 855 1404; x_wconf 89' lang='lat' dir='ltr'>Hf.</span> <span class='ocrx_word' id='word_1_85' title='bbox 879 1324 952 1398; x_wconf 92' lang='grc'>427,</span> <span class='ocrx_word' id='word_1_86' title='bbox 979 1323 1072 1402; x_wconf 89' lang='grc'>1014,</span> <span class='ocrx_word' id='word_1_87' title='bbox 1096 1325 1211 1403; x_wconf 90' lang='grc'>10946,</span> 
     </span>
     <span class='ocr_line' id='line_1_11' title="bbox 67 1427 1209 1507; baseline 0 -13"><span class='ocrx_word' id='word_1_88' title='bbox 67 1431 162 1507; x_wconf 90' lang='grc'>1265,</span> <span class='ocrx_word' id='word_1_89' title='bbox 188 1430 301 1494; x_wconf 81' lang='lat' dir='ltr'>Troad.</span> <span class='ocrx_word' id='word_1_90' title='bbox 320 1428 394 1507; x_wconf 83' lang='lat'>351,</span> <span class='ocrx_word' id='word_1_91' title='bbox 411 1428 484 1505; x_wconf 90' lang='grc'>650,</span> <span class='ocrx_word' id='word_1_92' title='bbox 503 1427 575 1506; x_wconf 90' lang='grc'>690,</span> <span class='ocrx_word' id='word_1_93' title='bbox 595 1428 689 1504; x_wconf 90' lang='grc'>1059,</span> <span class='ocrx_word' id='word_1_94' title='bbox 713 1427 831 1492; x_wconf 83' lang='lat' dir='ltr'>Pdceu.</span> <span class='ocrx_word' id='word_1_95' title='bbox 850 1428 921 1506; x_wconf 93' lang='grc'>110,</span> <span class='ocrx_word' id='word_1_96' title='bbox 938 1428 1011 1506; x_wconf 88' lang='grc'>494,</span> <span class='ocrx_word' id='word_1_97' title='bbox 1037 1429 1121 1494; x_wconf 87' lang='lat' dir='ltr'>Med.</span> <span class='ocrx_word' id='word_1_98' title='bbox 1136 1431 1209 1494; x_wconf 82' lang='lat'>507.</span> 
     </span>
     <span class='ocr_line' id='line_1_12' title="bbox 62 1530 1209 1617; baseline 0.002 -19"><span class='ocrx_word' id='word_1_99' title='bbox 62 1534 181 1600; x_wconf 83' lang='lat' dir='ltr'>Pdced.</span> <span class='ocrx_word' id='word_1_100' title='bbox 199 1534 273 1612; x_wconf 87' lang='grc'>443,</span> <span class='ocrx_word' id='word_1_101' title='bbox 290 1535 363 1612; x_wconf 93' lang='grc'>612,</span> <span class='ocrx_word' id='word_1_102' title='bbox 380 1533 453 1609; x_wconf 94' lang='grc'>655,</span> <span class='ocrx_word' id='word_1_103' title='bbox 474 1533 547 1610; x_wconf 90' lang='grc'>622,</span> <span class='ocrx_word' id='word_1_104' title='bbox 581 1531 653 1597; x_wconf 86' lang='lat' dir='ltr'>Ocd.</span> <span class='ocrx_word' id='word_1_105' title='bbox 672 1532 746 1610; x_wconf 90' lang='grc'>629,</span> <span class='ocrx_word' id='word_1_106' title='bbox 769 1532 829 1614; x_wconf 72' lang='lat' dir='ltr'>Ap.</span> <span class='ocrx_word' id='word_1_107' title='bbox 848 1532 921 1609; x_wconf 88' lang='grc'>308,</span> <span class='ocrx_word' id='word_1_108' title='bbox 938 1530 1011 1610; x_wconf 89' lang='grc'>882,</span> <span class='ocrx_word' id='word_1_109' title='bbox 1038 1533 1117 1617; x_wconf 73' lang='lat' dir='ltr'>Tay.</span> <span class='ocrx_word' id='word_1_110' title='bbox 1134 1537 1209 1615; x_wconf 91' lang='grc'>413,</span> 
     </span>
     <span class='ocr_line' id='line_1_13' title="bbox 63 1636 1210 1721; baseline 0.001 -18"><span class='ocrx_word' id='word_1_111' title='bbox 63 1641 144 1717; x_wconf 89' lang='grc'>522,</span> <span class='ocrx_word' id='word_1_112' title='bbox 178 1638 277 1718; x_wconf 88' lang='grc'>1021,</span> <span class='ocrx_word' id='word_1_113' title='bbox 311 1636 375 1701; x_wconf 87' lang='grc' dir='ltr'>ΗΟ</span> <span class='ocrx_word' id='word_1_114' title='bbox 398 1638 461 1702; x_wconf 91' lang='grc'>852</span> <span class='ocrx_word' id='word_1_115' title='bbox 492 1636 524 1720; x_wconf 91' lang='grc'>(1.</span> <span class='ocrx_word' id='word_1_116' title='bbox 550 1659 575 1700; x_wconf 89' lang='grc'>5.</span> <span class='ocrx_word' id='word_1_117' title='bbox 600 1637 634 1700; x_wconf 88' lang='grc'>15</span> <span class='ocrx_word' id='word_1_118' title='bbox 664 1658 700 1700; x_wconf 88' lang='grc'>55</span> <span class='ocrx_word' id='word_1_119' title='bbox 729 1642 819 1718; x_wconf 88' lang='grc'>55565</span> <span class='ocrx_word' id='word_1_120' title='bbox 851 1657 945 1719; x_wconf 88' lang='lat' dir='ltr'>quam</span> <span class='ocrx_word' id='word_1_121' title='bbox 977 1636 1040 1700; x_wconf 84' lang='lat' dir='ltr'>Leo</span> <span class='ocrx_word' id='word_1_122' title='bbox 1072 1640 1210 1721; x_wconf 87' lang='lat' dir='ltr'>spuriam</span> 
     </span>
     <span class='ocr_line' id='line_1_14' title="bbox 63 1739 1210 1824; baseline 0.001 -18"><span class='ocrx_word' id='word_1_123' title='bbox 63 1743 242 1824; x_wconf 85' lang='lat' dir='ltr'>aestimat),</span> <span class='ocrx_word' id='word_1_124' title='bbox 282 1743 345 1808; x_wconf 88' lang='grc'>05.</span> <span class='ocrx_word' id='word_1_125' title='bbox 371 1743 450 1820; x_wconf 91' lang='grc'>177,</span> <span class='ocrx_word' id='word_1_126' title='bbox 475 1742 547 1805; x_wconf 92' lang='grc'>578.</span> <span class='ocrx_word' id='word_1_127' title='bbox 595 1739 747 1806; x_wconf 84' lang='grc' dir='ltr'>Η5555155</span> <span class='ocrx_word' id='word_1_128' title='bbox 773 1739 833 1806; x_wconf 91' lang='grc'>056</span> <span class='ocrx_word' id='word_1_129' title='bbox 820 1745 929 1819; x_wconf 84' lang='lat' dir='ltr'>tae‚us</span> <span class='ocrx_word' id='word_1_130' title='bbox 964 1763 1034 1806; x_wconf 91' lang='lat' dir='ltr'>cum</span> <span class='ocrx_word' id='word_1_131' title='bbox 1058 1745 1185 1807; x_wconf 77' lang='grc' dir='ltr'>561515Ι</span> <span class='ocrx_word' id='word_1_132' title='bbox 1176 1767 1210 1808; x_wconf 88' lang='lat' dir='ltr'>m</span> 
     </span>
     <span class='ocr_line' id='line_1_15' title="bbox 64 1845 1208 1930; baseline 0.004 -22"><span class='ocrx_word' id='word_1_133' title='bbox 64 1845 147 1911; x_wconf 88' lang='lat' dir='ltr'>Med.</span> <span class='ocrx_word' id='word_1_134' title='bbox 173 1852 204 1912; x_wconf 91' lang='grc'>56</span> <span class='ocrx_word' id='word_1_135' title='bbox 227 1845 302 1911; x_wconf 75' lang='grc'>0551.</span> <span class='ocrx_word' id='word_1_136' title='bbox 327 1847 425 1910; x_wconf 91' lang='lat' dir='ltr'>semel</span> <span class='ocrx_word' id='word_1_137' title='bbox 447 1851 515 1911; x_wconf 89' lang='grc'>6556</span> <span class='ocrx_word' id='word_1_138' title='bbox 516 1867 571 1908; x_wconf 91' lang='lat' dir='ltr'>um</span> <span class='ocrx_word' id='word_1_139' title='bbox 588 1850 646 1926; x_wconf 83' lang='grc'>556</span> <span class='ocrx_word' id='word_1_140' title='bbox 646 1847 697 1908; x_wconf 78' lang='lat' dir='ltr'>ius</span> <span class='ocrx_word' id='word_1_141' title='bbox 720 1846 892 1910; x_wconf 87' lang='lat' dir='ltr'>admissum</span> <span class='ocrx_word' id='word_1_142' title='bbox 914 1845 1091 1926; x_wconf 83' lang='lat' dir='ltr'>videamus,</span> <span class='ocrx_word' id='word_1_143' title='bbox 1124 1870 1208 1930; x_wconf 91' lang='lat' dir='ltr'>pror-</span> 
     </span>
    </p>
   </div>
   <div class='ocr_carea' id='block_1_5' title="bbox 63 1948 1210 2141">
    <p class='ocr_par' dir='ltr' id='par_1_5' title="bbox 63 1948 1210 2141">
     <span class='ocr_line' id='line_1_16' title="bbox 63 1948 748 2017; baseline -0.003 -1"><span class='ocrx_word' id='word_1_144' title='bbox 63 1973 117 2017; x_wconf 87' lang='lat' dir='ltr'>sus</span> <span class='ocrx_word' id='word_1_145' title='bbox 140 1973 210 2016; x_wconf 91' lang='lat' dir='ltr'>cum</span> <span class='ocrx_word' id='word_1_146' title='bbox 233 1952 414 2017; x_wconf 86' lang='lat' dir='ltr'>Annaeanis</span> <span class='ocrx_word' id='word_1_147' title='bbox 437 1948 556 2015; x_wconf 82' lang='lat' dir='ltr'>fabulis</span> <span class='ocrx_word' id='word_1_148' title='bbox 581 1955 712 2014; x_wconf 92' lang='lat' dir='ltr'>consent</span> <span class='ocrx_word' id='word_1_149' title='bbox 713 1951 748 2014; x_wconf 91' lang='lat' dir='ltr'>it.</span> 
     </span>
     <span class='ocr_line' id='line_1_17' title="bbox 151 2054 1210 2141; baseline 0 -19"><span class='ocrx_word' id='word_1_150' title='bbox 151 2055 283 2122; x_wconf 75' lang='lat' dir='ltr'>Interim</span> <span class='ocrx_word' id='word_1_151' title='bbox 293 2056 429 2141; x_wconf 87' lang='lat' dir='ltr'>legimus</span> <span class='ocrx_word' id='word_1_152' title='bbox 443 2055 558 2119; x_wconf 80' lang='lat' dir='ltr'>Trocd.</span> <span class='ocrx_word' id='word_1_153' title='bbox 570 2054 643 2133; x_wconf 90' lang='grc'>997,</span> <span class='ocrx_word' id='word_1_154' title='bbox 659 2054 777 2119; x_wconf 84' lang='lat' dir='ltr'>Pdced.</span> <span class='ocrx_word' id='word_1_155' title='bbox 794 2055 888 2133; x_wconf 87' lang='grc'>1274,</span> <span class='ocrx_word' id='word_1_156' title='bbox 903 2054 967 2120; x_wconf 88' lang='grc' dir='ltr'>ΗΟ</span> <span class='ocrx_word' id='word_1_157' title='bbox 982 2055 1120 2139; x_wconf 67' lang='grc'>409101),</span> <span class='ocrx_word' id='word_1_158' title='bbox 1136 2057 1210 2136; x_wconf 92' lang='grc'>481,</span> 
     </span>
    </p>
   </div>
   <div class='ocr_carea' id='block_1_6' title="bbox 59 2157 1211 2980">
    <p class='ocr_par' dir='ltr' id='par_1_6' title="bbox 59 2157 1211 2980">
     <span class='ocr_line' id='line_1_18' title="bbox 63 2157 1210 2244; baseline 0.002 -20"><span class='ocrx_word' id='word_1_159' title='bbox 63 2160 138 2226; x_wconf 85' lang='grc'>930.</span> <span class='ocrx_word' id='word_1_160' title='bbox 163 2166 259 2244; x_wconf 89' lang='lat' dir='ltr'>atque</span> <span class='ocrx_word' id='word_1_161' title='bbox 281 2183 352 2226; x_wconf 88' lang='lat' dir='ltr'>cum</span> <span class='ocrx_word' id='word_1_162' title='bbox 374 2161 452 2226; x_wconf 87' lang='lat' dir='ltr'>haec</span> <span class='ocrx_word' id='word_1_163' title='bbox 474 2159 633 2243; x_wconf 86' lang='lat' dir='ltr'>particula</span> <span class='ocrx_word' id='word_1_164' title='bbox 658 2159 772 2224; x_wconf 82' lang='lat' dir='ltr'>Trocd.</span> <span class='ocrx_word' id='word_1_165' title='bbox 790 2159 864 2238; x_wconf 89' lang='grc'>997,</span> <span class='ocrx_word' id='word_1_166' title='bbox 887 2157 1004 2224; x_wconf 82' lang='lat' dir='ltr'>Pdced.</span> <span class='ocrx_word' id='word_1_167' title='bbox 1028 2161 1121 2238; x_wconf 90' lang='grc'>1274,</span> <span class='ocrx_word' id='word_1_168' title='bbox 1145 2161 1210 2226; x_wconf 88' lang='grc' dir='ltr'>ΗΟ</span> 
     </span>
     <span class='ocr_line' id='line_1_19' title="bbox 62 2263 1210 2349; baseline 0 -19"><span class='ocrx_word' id='word_1_169' title='bbox 62 2266 127 2331; x_wconf 88' lang='grc'>409</span> <span class='ocrx_word' id='word_1_170' title='bbox 148 2267 275 2349; x_wconf 84' lang='grc'>5555515</span> <span class='ocrx_word' id='word_1_171' title='bbox 290 2285 383 2330; x_wconf 89' lang='grc'>55555</span> <span class='ocrx_word' id='word_1_172' title='bbox 406 2269 559 2348; x_wconf 84' lang='grc'>55555565</span> <span class='ocrx_word' id='word_1_173' title='bbox 575 2266 627 2342; x_wconf 91' lang='grc'>516,</span> <span class='ocrx_word' id='word_1_174' title='bbox 651 2263 829 2328; x_wconf 88' lang='grc' dir='ltr'>65656Ηο</span> <span class='ocrx_word' id='word_1_175' title='bbox 845 2264 907 2327; x_wconf 92' lang='grc'>481</span> <span class='ocrx_word' id='word_1_176' title='bbox 925 2268 957 2327; x_wconf 88' lang='grc'>56</span> <span class='ocrx_word' id='word_1_177' title='bbox 972 2264 1034 2328; x_wconf 89' lang='grc'>930</span> <span class='ocrx_word' id='word_1_178' title='bbox 1050 2267 1210 2330; x_wconf 90' lang='lat' dir='ltr'>notionem</span> 
     </span>
     <span class='ocr_line' id='line_1_20' title="bbox 62 2367 1208 2454; baseline 0.002 -20"><span class='ocrx_word' id='word_1_179' title='bbox 62 2369 237 2454; x_wconf 78' lang='lat' dir='ltr'>particulae</span> <span class='ocrx_word' id='word_1_180' title='bbox 259 2370 423 2447; x_wconf 75' lang='lat' dir='ltr'>interdum,</span> <span class='ocrx_word' id='word_1_181' title='bbox 447 2369 531 2451; x_wconf 88' lang='lat' dir='ltr'>quod</span> <span class='ocrx_word' id='word_1_182' title='bbox 552 2367 816 2451; x_wconf 69' lang='lat' dir='ltr'>vituperaverunt</span> <span class='ocrx_word' id='word_1_183' title='bbox 832 2367 873 2433; x_wconf 88' lang='lat' dir='ltr'>D.</span> <span class='ocrx_word' id='word_1_184' title='bbox 888 2368 1039 2434; x_wconf 84' lang='lat' dir='ltr'>Heinsius</span> <span class='ocrx_word' id='word_1_185' title='bbox 1062 2372 1125 2453; x_wconf 88' lang='lat' dir='ltr'>(ap.</span> <span class='ocrx_word' id='word_1_186' title='bbox 1143 2370 1208 2437; x_wconf 82' lang='lat' dir='ltr'>Sur.</span> 
     </span>
     <span class='ocr_line' id='line_1_21' title="bbox 61 2470 1211 2559; baseline 0 -21"><span class='ocrx_word' id='word_1_187' title='bbox 61 2498 93 2559; x_wconf 88' lang='lat' dir='ltr'>p.</span> <span class='ocrx_word' id='word_1_188' title='bbox 119 2475 181 2540; x_wconf 92' lang='grc'>340</span> <span class='ocrx_word' id='word_1_189' title='bbox 197 2477 268 2558; x_wconf 72' lang='grc'>555),</span> <span class='ocrx_word' id='word_1_190' title='bbox 292 2473 461 2538; x_wconf 85' lang='lat' dir='ltr'>Richterus</span> <span class='ocrx_word' id='word_1_191' title='bbox 485 2473 529 2556; x_wconf 94' lang='grc'>(5.</span> <span class='ocrx_word' id='word_1_192' title='bbox 547 2473 611 2553; x_wconf 90' lang='grc'>25),</span> <span class='ocrx_word' id='word_1_193' title='bbox 635 2472 755 2536; x_wconf 80' lang='lat' dir='ltr'>Bittius</span> <span class='ocrx_word' id='word_1_194' title='bbox 779 2471 822 2556; x_wconf 89' lang='grc'>(5.</span> <span class='ocrx_word' id='word_1_195' title='bbox 840 2470 926 2554; x_wconf 93' lang='grc'>516).</span> <span class='ocrx_word' id='word_1_196' title='bbox 951 2473 1005 2535; x_wconf 89' lang='lat' dir='ltr'>sed</span> <span class='ocrx_word' id='word_1_197' title='bbox 1019 2473 1104 2538; x_wconf 91' lang='lat' dir='ltr'>hunc</span> <span class='ocrx_word' id='word_1_198' title='bbox 1119 2496 1211 2538; x_wconf 91' lang='lat' dir='ltr'>usum</span> 
     </span>
     <span class='ocr_line' id='line_1_22' title="bbox 61 2576 1211 2662; baseline -0.002 -18"><span class='ocrx_word' id='word_1_199' title='bbox 61 2581 97 2644; x_wconf 88' lang='grc'>15</span> <span class='ocrx_word' id='word_1_200' title='bbox 121 2577 256 2644; x_wconf 83' lang='lat' dir='ltr'>Senecae</span> <span class='ocrx_word' id='word_1_201' title='bbox 286 2578 411 2661; x_wconf 88' lang='lat' dir='ltr'>scriptis</span> <span class='ocrx_word' id='word_1_202' title='bbox 441 2599 535 2662; x_wconf 89' lang='lat' dir='ltr'>prosa</span> <span class='ocrx_word' id='word_1_203' title='bbox 559 2579 703 2642; x_wconf 87' lang='lat' dir='ltr'>oratione</span> <span class='ocrx_word' id='word_1_204' title='bbox 729 2577 864 2642; x_wconf 91' lang='lat' dir='ltr'>conditis</span> <span class='ocrx_word' id='word_1_205' title='bbox 887 2576 1211 2659; x_wconf 81' lang='lat' dir='ltr'>frequentatissimum</span> 
     </span>
     <span class='ocr_line' id='line_1_23' title="bbox 63 2681 1210 2766; baseline -0.002 -18"><span class='ocrx_word' id='word_1_206' title='bbox 63 2705 132 2748; x_wconf 85' lang='lat' dir='ltr'>esse</span> <span class='ocrx_word' id='word_1_207' title='bbox 163 2685 243 2750; x_wconf 82' lang='lat' dir='ltr'>vidit</span> <span class='ocrx_word' id='word_1_208' title='bbox 272 2684 427 2750; x_wconf 84' lang='lat' dir='ltr'>Melzerus</span> <span class='ocrx_word' id='word_1_209' title='bbox 450 2706 480 2766; x_wconf 90' lang='lat' dir='ltr'>p.</span> <span class='ocrx_word' id='word_1_210' title='bbox 504 2683 555 2748; x_wconf 88' lang='lat'>34.</span> <span class='ocrx_word' id='word_1_211' title='bbox 589 2683 672 2766; x_wconf 88' lang='lat' dir='ltr'>quod</span> <span class='ocrx_word' id='word_1_212' title='bbox 701 2681 897 2746; x_wconf 88' lang='lat' dir='ltr'>solummodo</span> <span class='ocrx_word' id='word_1_213' title='bbox 929 2681 1049 2746; x_wconf 89' lang='grc' dir='ltr'>15Ηο</span> <span class='ocrx_word' id='word_1_214' title='bbox 1083 2682 1131 2745; x_wconf 91' lang='grc'>615</span> <span class='ocrx_word' id='word_1_215' title='bbox 1159 2683 1210 2746; x_wconf 85' lang='grc'>65-</span> 
     </span>
     <span class='ocr_line' id='line_1_24' title="bbox 59 2785 1211 2872; baseline -0.001 -20"><span class='ocrx_word' id='word_1_216' title='bbox 59 2790 154 2852; x_wconf 76' lang='lat' dir='ltr'>terim</span> <span class='ocrx_word' id='word_1_217' title='bbox 175 2811 232 2872; x_wconf 91' lang='grc'>555</span> <span class='ocrx_word' id='word_1_218' title='bbox 253 2787 409 2853; x_wconf 77' lang='lat' dir='ltr'>interdum</span> <span class='ocrx_word' id='word_1_219' title='bbox 431 2789 572 2871; x_wconf 91' lang='lat' dir='ltr'>positum</span> <span class='ocrx_word' id='word_1_220' title='bbox 594 2791 651 2865; x_wconf 84' lang='lat' dir='ltr'>est,</span> <span class='ocrx_word' id='word_1_221' title='bbox 681 2809 752 2850; x_wconf 93' lang='lat' dir='ltr'>cum</span> <span class='ocrx_word' id='word_1_222' title='bbox 775 2786 852 2851; x_wconf 87' lang='lat' dir='ltr'>haec</span> <span class='ocrx_word' id='word_1_223' title='bbox 874 2785 1030 2869; x_wconf 86' lang='lat' dir='ltr'>particula</span> <span class='ocrx_word' id='word_1_224' title='bbox 1052 2787 1211 2852; x_wconf 89' lang='lat' dir='ltr'>rarissime</span> 
     </span>
     <span class='ocr_line' id='line_1_25' title="bbox 60 2891 1207 2980; baseline -0.004 -20"><span class='ocrx_word' id='word_1_225' title='bbox 60 2898 96 2960; x_wconf 92' lang='lat' dir='ltr'>in</span> <span class='ocrx_word' id='word_1_226' title='bbox 126 2895 296 2980; x_wconf 87' lang='lat' dir='ltr'>tragoediis</span> <span class='ocrx_word' id='word_1_227' title='bbox 321 2893 520 2971; x_wconf 83' lang='lat' dir='ltr'>inveniatur,</span> <span class='ocrx_word' id='word_1_228' title='bbox 562 2892 630 2957; x_wconf 88' lang='lat' dir='ltr'>sine</span> <span class='ocrx_word' id='word_1_229' title='bbox 664 2892 760 2956; x_wconf 87' lang='lat' dir='ltr'>dubio</span> <span class='ocrx_word' id='word_1_230' title='bbox 794 2891 881 2956; x_wconf 90' lang='lat' dir='ltr'>casui</span> <span class='ocrx_word' id='word_1_231' title='bbox 913 2891 1115 2955; x_wconf 89' lang='lat' dir='ltr'>tribuendum</span> <span class='ocrx_word' id='word_1_232' title='bbox 1148 2894 1207 2955; x_wconf 89' lang='grc'>556.</span> 
     </span>
    </p>
   </div>
   <div class='ocr_carea' id='block_1_7' title="bbox 56 2985 1210 3702">
    <p class='ocr_par' dir='ltr' id='par_1_7' title="bbox 56 2985 1210 3702">
     <span class='ocr_line' id='line_1_26' title="bbox 57 2985 1207 3083; baseline -0.005 -19"><span class='ocrx_word' id='word_1_233' title='bbox 57 3000 203 3083; x_wconf 81' lang='lat' dir='ltr'>adiungo</span> <span class='ocrx_word' id='word_1_234' title='bbox 225 2999 414 3081; x_wconf 83' lang='lat' dir='ltr'>particulam</span> <span class='ocrx_word' id='word_1_235' title='bbox 443 2985 580 3066; x_wconf 85' lang='lat' dir='ltr'>actutum</span> <span class='ocrx_word' id='word_1_236' title='bbox 611 2997 709 3062; x_wconf 86' lang='lat' dir='ltr'>semel</span> <span class='ocrx_word' id='word_1_237' title='bbox 736 3001 864 3062; x_wconf 84' lang='lat' dir='ltr'>tantum</span> <span class='ocrx_word' id='word_1_238' title='bbox 894 2997 928 3058; x_wconf 93' lang='lat' dir='ltr'>in</span> <span class='ocrx_word' id='word_1_239' title='bbox 951 2994 1094 3060; x_wconf 88' lang='lat' dir='ltr'>Phaedra</span> <span class='ocrx_word' id='word_1_240' title='bbox 1117 2993 1207 3078; x_wconf 92' lang='grc'>(624)</span> 
     </span>
     <span class='ocr_line' id='line_1_27' title="bbox 56 3107 197 3168; baseline -0.028 0"><span class='ocrx_word' id='word_1_241' title='bbox 56 3107 197 3168; x_wconf 87' lang='lat' dir='ltr'>exstare.</span> 
     </span>
     <span class='ocr_line' id='line_1_28' title="bbox 151 3202 1208 3289; baseline -0.002 -21"><span class='ocrx_word' id='word_1_242' title='bbox 151 3203 325 3268; x_wconf 85' lang='lat' dir='ltr'>Hauddum</span> <span class='ocrx_word' id='word_1_243' title='bbox 347 3203 388 3266; x_wconf 87' lang='lat' dir='ltr'><em>H</em></span> <span class='ocrx_word' id='word_1_244' title='bbox 388 3205 413 3268; x_wconf 89' lang='lat'><em>0</em></span> <span class='ocrx_word' id='word_1_245' title='bbox 437 3207 478 3270; x_wconf 93' lang='grc'>80</span> <span class='ocrx_word' id='word_1_246' title='bbox 501 3229 559 3289; x_wconf 88' lang='grc'>555</span> <span class='ocrx_word' id='word_1_247' title='bbox 581 3207 721 3270; x_wconf 84' lang='lat' dir='ltr'>ucudum</span> <span class='ocrx_word' id='word_1_248' title='bbox 737 3207 876 3288; x_wconf 89' lang='lat' dir='ltr'>positum</span> <span class='ocrx_word' id='word_1_249' title='bbox 892 3224 958 3268; x_wconf 88' lang='lat' dir='ltr'>esse</span> <span class='ocrx_word' id='word_1_250' title='bbox 972 3202 1131 3267; x_wconf 86' lang='lat' dir='ltr'>contendit</span> <span class='ocrx_word' id='word_1_251' title='bbox 1146 3202 1208 3266; x_wconf 84' lang='lat' dir='ltr'>Leo</span> 
     </span>
     <span class='ocr_line' id='line_1_29' title="bbox 58 3305 1210 3396; baseline -0.006 -20"><span class='ocrx_word' id='word_1_252' title='bbox 58 3311 138 3396; x_wconf 87' lang='grc'>(15.</span> <span class='ocrx_word' id='word_1_253' title='bbox 157 3308 222 3391; x_wconf 90' lang='grc'>65),</span> <span class='ocrx_word' id='word_1_254' title='bbox 246 3309 300 3390; x_wconf 93' lang='lat' dir='ltr'>qui</span> <span class='ocrx_word' id='word_1_255' title='bbox 322 3306 390 3389; x_wconf 93' lang='lat' dir='ltr'>ipse</span> <span class='ocrx_word' id='word_1_256' title='bbox 412 3309 492 3372; x_wconf 84' lang='lat' dir='ltr'>vidit</span> <span class='ocrx_word' id='word_1_257' title='bbox 514 3308 587 3392; x_wconf 92' lang='grc'>(15</span> <span class='ocrx_word' id='word_1_258' title='bbox 606 3309 660 3392; x_wconf 88' lang='grc'>30)</span> <span class='ocrx_word' id='word_1_259' title='bbox 683 3311 717 3372; x_wconf 91' lang='grc'>15</span> <span class='ocrx_word' id='word_1_260' title='bbox 738 3307 844 3372; x_wconf 82' lang='grc'>11555</span> <span class='ocrx_word' id='word_1_261' title='bbox 859 3307 1031 3385; x_wconf 74' lang='lat' dir='ltr'>hauddum,</span> <span class='ocrx_word' id='word_1_262' title='bbox 1055 3306 1110 3369; x_wconf 87' lang='lat' dir='ltr'>sed</span> <span class='ocrx_word' id='word_1_263' title='bbox 1124 3305 1210 3370; x_wconf 83' lang='lat' dir='ltr'>daud</span> 
     </span>
     <span class='ocr_line' id='line_1_30' title="bbox 58 3411 387 3494; baseline -0.014 -13.783"><span class='ocrx_word' id='word_1_264' title='bbox 58 3413 161 3481; x_wconf 85' lang='lat' dir='ltr'>tradit</span> <span class='ocrx_word' id='word_1_265' title='bbox 147 3417 216 3478; x_wconf 91' lang='lat' dir='ltr'>tum</span> <span class='ocrx_word' id='word_1_266' title='bbox 239 3411 387 3494; x_wconf 81' lang='lat' dir='ltr'>esse²⁰¹):</span> 
     </span>
     <span class='ocr_line' id='line_1_31' title="bbox 149 3469 1172 3599; baseline -0.004 -19"><span class='ocrx_word' id='word_1_267' title='bbox 149 3515 216 3581; x_wconf 91' lang='grc' dir='ltr'>Ηο</span> <span class='ocrx_word' id='word_1_268' title='bbox 240 3517 296 3580; x_wconf 73' lang='grc'>795</span> <span class='ocrx_word' id='word_1_269' title='bbox 329 3516 356 3580; x_wconf 90' lang='grc'>51</span> <span class='ocrx_word' id='word_1_270' title='bbox 377 3518 450 3599; x_wconf 89' lang='grc'>5556</span> <span class='ocrx_word' id='word_1_271' title='bbox 472 3514 564 3589; x_wconf 82' lang='lat' dir='ltr'>feras,</span> <span class='ocrx_word' id='word_1_272' title='bbox 587 3520 660 3598; x_wconf 88' lang='grc'>5556</span> <span class='ocrx_word' id='word_1_273' title='bbox 681 3514 775 3594; x_wconf 87' lang='grc'>65115,</span> <span class='ocrx_word' id='word_1_274' title='bbox 799 3519 871 3598; x_wconf 84' lang='grc'>5556</span> <span class='ocrx_word' id='word_1_275' title='bbox 894 3469 1040 3598; x_wconf 70' lang='lat' dir='ltr'>Stygium</span> <span class='ocrx_word' id='word_1_276' title='bbox 1063 3534 1172 3578; x_wconf 92' lang='lat' dir='ltr'>canem</span> 
     </span>
     <span class='ocr_line' id='line_1_32' title="bbox 329 3617 1122 3702; baseline -0.003 -18"><span class='ocrx_word' id='word_1_277' title='bbox 329 3620 415 3685; x_wconf 87' lang='lat' dir='ltr'>haud</span> <span class='ocrx_word' id='word_1_278' title='bbox 438 3621 523 3683; x_wconf 90' lang='lat' dir='ltr'>astra</span> <span class='ocrx_word' id='word_1_279' title='bbox 546 3619 656 3698; x_wconf 87' lang='lat' dir='ltr'>merui,</span> <span class='ocrx_word' id='word_1_280' title='bbox 680 3618 803 3684; x_wconf 83' lang='lat' dir='ltr'>Siculus</span> <span class='ocrx_word' id='word_1_281' title='bbox 825 3617 1014 3702; x_wconf 87' lang='lat' dir='ltr'>Hesperium</span> <span class='ocrx_word' id='word_1_282' title='bbox 1037 3618 1084 3682; x_wconf 91' lang='lat' dir='ltr'>lat</span> <span class='ocrx_word' id='word_1_283' title='bbox 1070 3621 1122 3683; x_wconf 89' lang='grc'>655</span> 
     </span>
    </p>
   </div>
   <div class='ocr_carea' id='block_1_8' title="bbox 63 3723 1209 4019">
    <p class='ocr_par' dir='ltr' id='par_1_8' title="bbox 63 3723 1209 4019">
     <span class='ocr_line' id='line_1_33' title="bbox 330 3723 984 3810; baseline -0.005 -20.925"><span class='ocrx_word' id='word_1_284' title='bbox 330 3729 443 3810; x_wconf 85' lang='lat' dir='ltr'>atngat</span> <span class='ocrx_word' id='word_1_285' title='bbox 466 3723 604 3803; x_wconf 84' lang='lat' dir='ltr'>Pelorus,</span> <span class='ocrx_word' id='word_1_286' title='bbox 627 3747 691 3789; x_wconf 89' lang='grc'>555</span> <span class='ocrx_word' id='word_1_287' title='bbox 711 3724 775 3789; x_wconf 91' lang='lat' dir='ltr'>iam</span> <span class='ocrx_word' id='word_1_288' title='bbox 797 3723 892 3788; x_wconf 92' lang='lat' dir='ltr'>tellus</span> <span class='ocrx_word' id='word_1_289' title='bbox 915 3723 984 3788; x_wconf 88' lang='lat' dir='ltr'>erit.</span> 
     </span>
     <span class='ocr_line' id='line_1_34' title="bbox 63 3828 1209 3919; baseline -0.004 -23"><span class='ocrx_word' id='word_1_290' title='bbox 63 3854 123 3919; x_wconf 83' lang='lat' dir='ltr'>ego</span> <span class='ocrx_word' id='word_1_291' title='bbox 147 3831 273 3916; x_wconf 87' lang='lat' dir='ltr'>quidem</span> <span class='ocrx_word' id='word_1_292' title='bbox 294 3830 353 3894; x_wconf 90' lang='lat' dir='ltr'>hos</span> <span class='ocrx_word' id='word_1_293' title='bbox 375 3850 482 3894; x_wconf 90' lang='lat' dir='ltr'>versus</span> <span class='ocrx_word' id='word_1_294' title='bbox 505 3828 691 3912; x_wconf 82' lang='lat' dir='ltr'>intellegere</span> <span class='ocrx_word' id='word_1_295' title='bbox 706 3849 842 3913; x_wconf 83' lang='lat' dir='ltr'>possum.</span> <span class='ocrx_word' id='word_1_296' title='bbox 866 3851 967 3912; x_wconf 90' lang='lat' dir='ltr'>neque</span> <span class='ocrx_word' id='word_1_297' title='bbox 983 3849 1093 3893; x_wconf 88' lang='lat' dir='ltr'>sensus</span> <span class='ocrx_word' id='word_1_298' title='bbox 1108 3847 1209 3910; x_wconf 88' lang='lat' dir='ltr'>neque</span> 
     </span>
     <span class='ocr_line' id='line_1_35' title="bbox 64 3930 1209 4019; baseline -0.008 -17"><span class='ocrx_word' id='word_1_299' title='bbox 64 3959 113 4002; x_wconf 90' lang='lat' dir='ltr'>res</span> <span class='ocrx_word' id='word_1_300' title='bbox 136 3937 266 4001; x_wconf 90' lang='lat' dir='ltr'>metrica</span> <span class='ocrx_word' id='word_1_301' title='bbox 288 3934 430 4019; x_wconf 87' lang='lat' dir='ltr'>postulat</span> <span class='ocrx_word' id='word_1_302' title='bbox 452 3938 488 3998; x_wconf 92' lang='lat' dir='ltr'>ut</span> <span class='ocrx_word' id='word_1_303' title='bbox 509 3933 671 3999; x_wconf 78' lang='lat' dir='ltr'>hauddum</span> <span class='ocrx_word' id='word_1_304' title='bbox 695 3935 879 3999; x_wconf 87' lang='lat' dir='ltr'>scribamus.</span> <span class='ocrx_word' id='word_1_305' title='bbox 902 3955 1004 4016; x_wconf 88' lang='lat' dir='ltr'>neque</span> <span class='ocrx_word' id='word_1_306' title='bbox 1026 3932 1103 3997; x_wconf 89' lang='lat' dir='ltr'>alibi</span> <span class='ocrx_word' id='word_1_307' title='bbox 1126 3930 1209 3994; x_wconf 90' lang='lat' dir='ltr'>Her·</span> 
     </span>
    </p>
   </div>
   <div class='ocr_carea' id='block_1_9' title="bbox 65 4036 1209 4232">
    <p class='ocr_par' dir='ltr' id='par_1_9' title="bbox 65 4036 1209 4232">
     <span class='ocr_line' id='line_1_36' title="bbox 65 4036 1209 4125; baseline -0.006 -20"><span class='ocrx_word' id='word_1_308' title='bbox 65 4042 143 4106; x_wconf 89' lang='lat' dir='ltr'>culis</span> <span class='ocrx_word' id='word_1_309' title='bbox 165 4040 275 4105; x_wconf 90' lang='lat' dir='ltr'>Oetaei</span> <span class='ocrx_word' id='word_1_310' title='bbox 297 4044 391 4125; x_wconf 90' lang='lat' dir='ltr'>poeta</span> <span class='ocrx_word' id='word_1_311' title='bbox 413 4060 546 4121; x_wconf 90' lang='lat' dir='ltr'>usquam</span> <span class='ocrx_word' id='word_1_312' title='bbox 568 4039 730 4104; x_wconf 75' lang='lat' dir='ltr'>hauddum</span> <span class='ocrx_word' id='word_1_313' title='bbox 749 4036 923 4122; x_wconf 83' lang='lat' dir='ltr'>usurpavit,</span> <span class='ocrx_word' id='word_1_314' title='bbox 947 4041 1055 4102; x_wconf 86' lang='lat' dir='ltr'>contra</span> <span class='ocrx_word' id='word_1_315' title='bbox 1069 4037 1209 4101; x_wconf 87' lang='lat' dir='ltr'>ucudum</span> 
     </span>
     <span class='ocr_line' id='line_1_37' title="bbox 66 4142 925 4232; baseline -0.005 -23"><span class='ocrx_word' id='word_1_316' title='bbox 66 4147 182 4232; x_wconf 89' lang='lat' dir='ltr'>septies</span> <span class='ocrx_word' id='word_1_317' title='bbox 203 4148 275 4223; x_wconf 92' lang='grc'>201,</span> <span class='ocrx_word' id='word_1_318' title='bbox 299 4146 373 4223; x_wconf 91' lang='grc'>213,</span> <span class='ocrx_word' id='word_1_319' title='bbox 397 4145 470 4222; x_wconf 92' lang='grc'>546,</span> <span class='ocrx_word' id='word_1_320' title='bbox 496 4144 568 4222; x_wconf 90' lang='grc'>774,</span> <span class='ocrx_word' id='word_1_321' title='bbox 594 4145 688 4224; x_wconf 87' lang='grc'>1159,</span> <span class='ocrx_word' id='word_1_322' title='bbox 714 4145 807 4222; x_wconf 85' lang='grc'>1614,</span> <span class='ocrx_word' id='word_1_323' title='bbox 833 4142 925 4206; x_wconf 91' lang='grc'>1884.</span> 
     </span>
    </p>
   </div>
   <div class='ocr_carea' id='block_1_10' title="bbox 135 4298 652 4441">
    <p class='ocr_par' dir='ltr' id='par_1_10' title="bbox 135 4298 652 4441">
     <span class='ocr_line' id='line_1_38' title="bbox 135 4298 652 4369; baseline 0.033 -18"><span class='ocrx_word' id='word_1_324' title='bbox 135 4301 180 4369; x_wconf 86' lang='lat'>¹⁰⁰)</span> <span class='ocrx_word' id='word_1_325' title='bbox 198 4318 293 4355; x_wconf 87' lang='lat' dir='ltr'>versus</span> <span class='ocrx_word' id='word_1_326' title='bbox 311 4299 362 4355; x_wconf 88' lang='grc'>409</span> <span class='ocrx_word' id='word_1_327' title='bbox 381 4298 451 4354; x_wconf 77' lang='lat' dir='ltr'>inl]</span> <span class='ocrx_word' id='word_1_328' title='bbox 472 4298 652 4361; x_wconf 60' lang='lat' dir='ltr'>desideratur·</span> 
     </span>
     <span class='ocr_line' id='line_1_39' title="bbox 137 4371 506 4441; baseline 0.011 -21"><span class='ocrx_word' id='word_1_329' title='bbox 137 4371 185 4440; x_wconf 87' lang='lat'><strong>¹⁰¹)</strong></span> <span class='ocrx_word' id='word_1_330' title='bbox 203 4372 228 4424; x_wconf 89' lang='lat' dir='ltr'>A</span> <span class='ocrx_word' id='word_1_331' title='bbox 245 4371 363 4441; x_wconf 87' lang='lat' dir='ltr'>praebet</span> <span class='ocrx_word' id='word_1_332' title='bbox 380 4371 506 4426; x_wconf 79' lang='lat' dir='ltr'>nondum.</span> 
     </span>
    </p>
   </div>
   <div class='ocr_carea' id='block_1_11' title="bbox 0 0 1484 4952">
    <p class='ocr_par' dir='ltr' id='par_1_11' title="bbox 0 0 1484 4952">
     <span class='ocr_line' id='line_1_40' title="bbox 0 0 1484 4952; baseline 0 0"><span class='ocrx_word' id='word_1_333' title='bbox 0 0 1484 4952; x_wconf 95' lang='lat' dir='ltr'> </span> 
     </span>
    </p>
   </div>
  </div>
 </body>
</html>
