2958 4952
818 341 860 404 22

272 516 310 580 de
332 515 453 580 duobus
484 513 617 579 oraculis
649 514 776 597 cogitat.
808 514 884 579 dicit
911 515 1010 606 enim:
1045 534 1176 595 quercus
1199 514 1280 578 teuc
1306 517 1422 578 sortem

272 619 350 684 milei
372 619 497 684 dederat
519 625 547 683 et
568 637 680 701 specus
712 635 770 700 (sc.
793 618 874 682 tuuc
898 624 1012 683 sortem
1033 618 1112 682 miti
1134 617 1288 702 dederat).
1344 618 1422 681 hanc
1454 612 1456 675 l

271 730 385 788 sortem
407 722 599 809 singularem
623 744 788 788 numerum
811 726 904 806 poeta
926 744 983 806 pro
1005 724 1122 806 plurali
1144 723 1260 806 posuit,
1286 725 1333 786 ut
1357 743 1423 785 ma·
1455 724 1456 727 ’

272 829 322 914 gis
343 829 467 893 fortiter
489 834 520 892 et
551 827 718 891 efficaciter
743 826 931 910 loqueretur.
967 827 1156 892 stulterum
1179 824 1356 891 oraculum
1381 829 1425 889 est

271 933 331 997 hoc
354 931 483 1015 (1476):
518 931 631 995 dectro
648 933 801 1012 perempti
822 931 934 1010 uictor,
958 931 1078 1010 Alcide,
1102 931 1164 994 otri
1185 931 1260 995 otim
1285 931 1423 1008 iacebis,

272 1037 404 1100 alterum
427 1036 557 1120 (1477);
851 1034 904 1099 hic
926 1036 986 1099 tibi
1009 1057 1133 1099 emenso
1156 1034 1237 1099 freta

478 1142 641 1223 terrasque
663 1144 695 1204 et
717 1141 843 1204 umbras
865 1140 937 1204 finis
961 1145 1116 1205 extremus
1139 1141 1240 1205 datur.

274 1243 369 1308 verba
400 1243 478 1323 [tois
512 1249 665 1308 ectreroos
697 1266 760 1309 non
791 1247 828 1309 de
863 1249 978 1323 morte,
1014 1246 1098 1328 quod
1130 1244 1283 1308 Melzerus
1319 1244 1425 1308 voluit

273 1335 316 1429 (p.
333 1348 397 1431 20),
420 1350 483 1426 sed,
506 1352 543 1411 ut
565 1350 648 1431 apud
665 1346 863 1431 Sophoclem,
886 1351 923 1412 de
945 1350 1007 1413 fine
1029 1350 1188 1432 migrandi
1211 1353 1242 1412 et
1264 1348 1423 1413 laboran-

273 1452 306 1515 di
328 1451 538 1537 intellegenda
560 1459 642 1518 sunt.
678 1455 868 1530 differentia,
900 1455 1033 1537 quaein
1057 1475 1092 1516 eo
1115 1452 1309 1536 agnoscitur,
1339 1453 1424 1537 quod

273 1555 404 1622 Herculi
425 1558 585 1622 oraculum
609 1558 744 1623 alterum
767 1560 875 1622 datum
908 1579 974 1622 esse
996 1581 1015 1621 a
1037 1557 1112 1620 love
1135 1554 1307 1640 Sophocles
1335 1557 1422 1632 dicit,

275 1660 314 1723 ab
338 1659 485 1744 Apolline
515 1665 620 1726 autem
652 1667 746 1744 poeta
768 1661 929 1725 Romanus
951 1666 1067 1738 narrat,
1099 1661 1210 1724 Leonis
1233 1661 1422 1743 opinionem

274 1764 457 1829 confirmare
478 1787 540 1830 non
562 1769 676 1848 potest.
724 1787 797 1829 nam
819 1771 912 1849 poeta
934 1769 989 1829 aut
1012 1765 1058 1828 ita
1080 1786 1145 1828 rem
1169 1765 1230 1828 sibi
1253 1764 1366 1843 finxit,
1391 1769 1422 1827 ut

274 1867 427 1932 Hercules
457 1868 540 1933 Iovis
571 1869 733 1933 oraculum
763 1891 816 1933 ore
847 1869 1006 1954 Apollinis
1037 1871 1190 1952 acceperit
1219 1869 1272 1950 (cf.
1307 1869 1380 1934 Leo
1408 1866 1422 1929 l

272 1994 302 2054 p.
320 1972 384 2051 55),
407 1976 472 2050 aut,
503 1972 584 2054 quod
607 1970 725 2037 Seneca
748 1973 871 2056 saepius
895 1974 955 2037 sibi
977 1973 1173 2052 concedebat,
1206 1974 1246 2037 ab
1270 1973 1421 2058 exemplo

274 2095 331 2138 suo
352 2077 487 2140 recessit.
521 2081 682 2159 praeterea
705 2079 894 2141 monendum
927 2077 1006 2141 mihi
1028 2077 1152 2142 videtur
1173 2099 1245 2141 cum
1268 2078 1420 2144 Herculis

273 2179 359 2242 fama
380 2179 543 2243 notissima
566 2185 647 2244 esset
668 2180 805 2244 breviter
826 2183 914 2265 loqui
936 2189 1046 2265 poetae
1068 2182 1211 2246 Romano
1234 2183 1379 2248 licuisse.

275 2281 338 2345 ΗΟ
361 2284 460 2348 1595:
484 2282 556 2347 Heu
578 2285 653 2367 quid
676 2285 757 2351 hoc?
781 2287 915 2351 mundus
938 2294 1037 2352 sonat.
1062 2309 1131 2351 ecce
1154 2291 1282 2366 maeret,

480 2396 598 2453 maeret
619 2389 750 2455 Alciden
773 2397 878 2476 pater3
902 2415 942 2457 an
964 2394 1092 2457 deorum

481 2491 606 2572 clamor,
631 2517 670 2558 an
694 2517 755 2560 vox
778 2501 825 2561 est
847 2499 977 2562 timidae
999 2519 1150 2562 novercae

481 2598 616 2663 Hercule
638 2605 669 2665 et
691 2602 757 2666 viso
780 2603 864 2686 fugit
886 2608 971 2668 astra
993 2603 1097 2666 luno?

480 2724 590 2784 passus
613 2727 653 2768 au
676 2706 797 2788 pondus
819 2707 970 2772 titubavit
991 2705 1110 2771 Atlas?

482 2827 522 2868 an
545 2810 646 2892 magis
669 2810 729 2875 diri
751 2815 907 2874 tremuere
929 2832 1037 2875 manes

481 2909 649 2976 Herculem
673 2917 704 2976 et
725 2914 827 2978 visum
850 2915 936 2978 oanis
957 2912 1130 2977 inferorum

481 3014 566 3099 fugit
588 3017 731 3100 abruptis
753 3020 894 3102 trepidus
917 3019 1058 3083 catenis?

273 3114 335 3180 Lao
365 3116 541 3182 adnotavit:
570 3122 708 3185 muudus
739 3124 864 3187 sonuit:
896 3123 968 3186 iude
998 3124 1193 3187 coniectores
1224 3123 1311 3202 capit
1342 3123 1416 3187 cleo·

272 3240 349 3295 ros;
383 3225 415 3285 at
436 3227 472 3284 ut
493 3223 631 3289 conicere
655 3228 763 3306 possit
785 3248 892 3291 moues
920 3227 1077 3308 trepidare
1102 3225 1292 3308 Cerberopoe
1315 3228 1416 3308 cufa-

271 3324 370 3406 pieute
391 3327 557 3391 tumultum
579 3331 705 3408 ecortri,
728 3330 886 3414 fraporeru
903 3333 965 3396 imo
988 3331 1025 3396 de
1044 3330 1142 3411 (uodo
1167 3330 1296 3394 audisse
1311 3332 1414 3410 debet,

273 3433 307 3491 ut
328 3427 386 3508 Hs.
411 3431 490 3495 521:
795 3455 851 3498 cor
872 3437 971 3519 propit
992 3433 1117 3499 solorre?

479 3537 625 3616 infernus
646 3539 709 3603 imo
733 3541 840 3604 sonuit
862 3562 877 3604 e
899 3538 996 3619 foedo
1019 3537 1138 3620 froper.

274 3635 358 3701 hunc
379 3637 525 3704 Herculis
548 3641 683 3707 furentis
705 3667 829 3708 versum
852 3644 986 3707 fortasse
1009 3641 1170 3724 aptissime
1193 3639 1325 3706 allatum
1346 3663 1415 3708 ease

275 3741 366 3819 dices,
391 3742 442 3806 sed
466 3743 625 3825 conferas,
658 3749 734 3831 quid
757 3750 794 3812 de
817 3747 925 3811 eodem
948 3747 1015 3811 loco
1037 3747 1120 3811 idem
1142 3745 1205 3811 Leo
1227 3746 1414 3811 iudicaverit

275 3843 320 3930 (ΙΙ
342 3868 372 3929 p.
390 3847 477 3931 375).
501 3849 563 3929 too,
587 3851 699 3936 inquit,
730 3858 809 3917 recte
832 3851 945 3914 dictura
968 3856 1056 3930 esset,
1081 3852 1111 3914 si
1133 3873 1171 3914 cco
1192 3850 1309 3933 luseris
1330 3871 1414 3915 uuae

274 3950 394 4014 demum
416 3951 568 4020 Hercules
590 3961 766 4039 emerperet3
799 3960 832 4020 ot
850 3974 910 4034 per
932 3955 1015 4018 uiam
1042 3955 1200 4039 poblicum
1223 3954 1266 4019 od
1290 3953 1412 4020 Thebas

273 4055 397 4120 accedit.
436 4058 542 4142 itaque
572 4059 604 4123 in
627 4061 764 4124 Hercule
793 4058 898 4144 priore
930 4057 1013 4122 idem
1045 4059 1164 4124 factum
1195 4063 1241 4124 est
1272 4058 1356 4141 quod
1379 4059 1411 4122 in

272 4159 410 4223 Hercule
433 4161 541 4228 altero.
588 4164 641 4227 sed
663 4186 734 4226 cum
750 4163 840 4226 illum
863 4182 987 4227 versum
1002 4164 1049 4226 vir
1072 4163 1269 4228 doctissimus
1284 4163 1409 4240 deleret,

273 4263 420 4329 Herculis
436 4264 544 4332 Oetaei
566 4268 667 4333 locum
690 4268 812 4332 auctori
833 4250 1001 4350 opprobrio
1024 4267 1118 4330 dedit.
1150 4267 1227 4330 adda
1251 4268 1334 4352 quod
1349 4265 1408 4332 Leo

275 4369 368 4453 plane
383 4391 545 4453 perperam
562 4372 645 4435 hunc
660 4370 764 4437 locum
778 4373 922 4449 tentavit,
938 4393 1011 4435 nam
1027 4372 1177 4435 mundum
1201 4392 1264 4435 non
1280 4369 1407 4447 caelum,
