2958 4952
818 289 859 351 32

269 463 434 540 deraveris‚
476 463 612 528 fortasse
643 464 792 526 concedes
825 461 970 527 Herculis
1003 461 1111 528 Oetaei
1144 467 1269 544 poetam
1305 465 1419 528 eodem

268 568 369 646 modo,
394 588 457 649 quo
473 563 632 645 Senecam,
657 565 840 630 elisionibus
864 589 956 631 usum
979 588 1053 632 esse.

354 671 497 736 Mundam
519 694 582 736 non
602 672 694 735 aliter
716 694 752 736 ac
776 671 923 737 Senecam
946 671 1083 734 caesuris
1112 692 1201 734 usum
1226 693 1294 735 esse
1317 693 1419 756 expo-

268 780 398 841 suerunt
428 775 620 841 Schmidtius
653 776 688 860 (l.
711 799 735 842 s.
760 799 790 859 p.
816 779 856 842 55
872 775 931 859 sq.)
960 781 992 840 et
1014 773 1181 840 Richterus
1204 776 1246 859 (d.
1272 775 1305 840 S.
1329 784 1371 842 tr.
1391 803 1418 842 a.

267 904 297 963 p.
325 881 387 964 16).
413 880 445 943 in
470 901 616 944 caesurae
644 881 713 945 loco
744 881 867 945 hiatum
895 880 1020 946 facilius
1049 879 1128 945 ferri
1158 882 1235 944 mihi
1266 883 1420 965 probavit

267 984 304 1047 R.
328 981 470 1049 Klotzius
495 983 698 1068 (Grundzdge
725 986 942 1050 altrbmischer
963 985 1082 1049 Metrik
1104 1008 1130 1049 a.
1157 987 1240 1051 1890
1267 1009 1296 1070 p.
1327 988 1419 1072 172).

267 1110 361 1172 quem
392 1091 495 1152 virum
519 1089 736 1154 doctissimum
758 1095 842 1154 recte
866 1090 1040 1154 defendisse
1062 1097 1139 1172 puto
1167 1091 1317 1156 traditam
1351 1093 1420 1157 lec·

266 1195 384 1256 tionem
408 1193 441 1257 in
465 1192 606 1258 versibus
629 1193 696 1257 his:

353 1297 410 1377 Hf.
436 1299 538 1362 1284:
562 1300 770 1383 pavidamque
791 1304 949 1365 matrem?
971 1322 1059 1364 arma
1080 1300 1142 1364 nisi
1164 1302 1279 1365 dantur
1298 1303 1397 1380 mihi,

355 1401 431 1484 Tay.
458 1403 536 1466 302:
559 1424 651 1487 prece
674 1405 889 1468 commovebo:
913 1404 987 1469 hinc
1009 1409 1099 1469 vetus
1123 1406 1213 1490 regni
1236 1406 1339 1485 furor,

353 1505 420 1570 ΗΟ
446 1507 544 1571 1201:
567 1509 660 1571 sortis
683 1529 829 1572 carerem.
854 1530 872 1572 o
897 1508 992 1586 ferae,
1016 1510 1118 1573 victae
1140 1511 1235 1587 ferae,

358 1611 422 1674 Oct.
448 1611 528 1676 516:
550 1612 658 1676 tristes
681 1611 831 1695 Philippi,
855 1613 963 1677 hausit
986 1617 1018 1676 et
1041 1613 1181 1678 Siculum
1204 1635 1300 1690 mare,

265 1717 451 1797 praesertim
490 1736 563 1778 cum
598 1717 705 1781 hiatus
746 1740 867 1801 semper
903 1717 1011 1781 littera
1044 1717 1064 1779 la
1099 1718 1149 1782 vel
1170 1739 1202 1780 m
1237 1719 1416 1785 molliatur.

265 1820 427 1885 Klotzium
450 1825 575 1886 secutus
599 1828 647 1887 est
671 1822 881 1888 Gleditsehius
915 1821 1047 1907 (Metrik
1079 1822 1133 1885 der
1162 1820 1317 1886 Griechen
1352 1824 1417 1887 und

265 1921 403 1988 Rdmer⁸
434 1949 465 2011 p.
490 1926 551 1988 287
581 1928 650 1991 adn.
676 1931 719 2008 2),
751 1932 860 1993 contra
889 1931 1157 2013 impugnaverunt
1178 1927 1212 1990 h.
1237 1927 1416 1993 Muellerus

265 2028 317 2109 (de
342 2051 376 2092 re
398 2027 548 2094 metrica²
571 2052 601 2113 p.
629 2031 704 2110 185)
736 2036 767 2094 et
799 2031 919 2094 Birtius
952 2031 1048 2112 (Mus.
1079 2031 1180 2094 Rhen.
1205 2032 1247 2094 34
1287 2054 1319 2114 p.
1350 2034 1415 2116 12).

265 2131 411 2215 Thyestis
434 2134 521 2198 locus
544 2139 591 2198 est
613 2135 665 2199 hic
687 2135 796 2219 (296):

438 2240 545 2321 gnatis
568 2243 674 2302 tamen
697 2240 848 2304 mandata
871 2260 951 2322 quae
973 2244 1085 2324 patruo
1108 2239 1212 2303 ferant

439 2342 598 2407 dabimus:
622 2344 740 2408 relictis
763 2343 836 2407 exul
860 2344 1003 2427 hospitiis
1025 2365 1124 2428 vagus

438 2468 536 2531 regno
559 2452 595 2511 ut
616 2448 759 2512 miserias
782 2453 883 2512 mutet
906 2452 1002 2531 atque
1023 2449 1128 2532 Argos
1151 2451 1241 2530 regat

438 2557 587 2637 exparte
610 2553 762 2618 dominus.
788 2555 815 2617 si
836 2553 930 2617 nimis
953 2553 1049 2616 durus
1072 2573 1178 2634 preces

332 2725 335 2734 ,
437 2664 563 2740 spernet
585 2658 748 2741 Thyestes,
772 2658 888 2722 liberos
912 2658 978 2721 eius
1001 2657 1093 2720 rudes

437 2762 591 2847 malisque
612 2762 712 2826 fessos
735 2763 884 2847 gravibus
907 2767 938 2825 et
960 2761 1070 2826 faciles
1092 2762 1162 2844 capi

437 2887 527 2949 prece
550 2866 750 2931 commovebo
758 2865 815 2944 58);
846 2867 920 2930 hinc
942 2870 1032 2929 vetus
1055 2868 1144 2950 regni
1165 2865 1254 2929 furor
1276 2885 1302 2927 e.
1327 2885 1361 2948 q.
1386 2884 1410 2927 s.

263 2973 340 3036 haec
363 2970 454 3035 Atrei
477 2971 573 3034 verba
597 2975 679 3034 sunt.
726 2968 898 3034 Muellerus
922 2974 953 3033 et
978 2969 1097 3034 Bittius
1120 2969 1314 3055 singularem
1346 2991 1409 3031 nu·

262 3098 383 3140 merum
407 3074 605 3151 commovete,
627 3095 699 3138 cum
721 3095 784 3138 non
799 3074 917 3139 Atreus
938 3075 1016 3156 ipse,
1040 3075 1094 3138 sed
1117 3077 1183 3139 eius
1204 3073 1263 3137 fflii
1285 3071 1309 3135 ii
1331 3071 1409 3150 sint,

263 3181 318 3264 qui
340 3178 488 3262 Thyestis
510 3179 626 3243 liberos
649 3183 875 3258 commoveant,
899 3200 962 3243 non
986 3183 1059 3262 apte
1073 3179 1210 3262 positum
1234 3197 1302 3240 esse
1317 3175 1409 3240 dixe·

262 3289 346 3349 runt.
370 3284 423 3348 sed
447 3284 523 3349 olim
555 3285 619 3370 legi
652 3286 745 3350 haec:
778 3284 899 3350 Ooesor
930 3289 1034 3348 castro
1059 3284 1174 3367 posuit.
1221 3287 1254 3347 at
1283 3285 1410 3345 constat

263 3388 426 3454 Gaesarem
449 3412 512 3455 nou
534 3390 639 3474 ipsum
662 3395 764 3454 castra
779 3391 928 3473 posuisse.
953 3393 989 3453 ut
1004 3387 1118 3452 Caesar
1133 3390 1237 3452 castra
1251 3385 1336 3468 poni,
1362 3387 1409 3449 ita

262 3492 379 3559 Atreus
404 3495 520 3561 liberos
546 3496 693 3580 Thyestis
719 3496 906 3560 commoveri
928 3495 1029 3558 iussit.
1069 3511 1177 3556 sensus
1202 3490 1301 3574 igitur
1327 3489 1409 3552 satis

262 3600 354 3681 aptus
370 3603 426 3662 est.

349 3701 389 3764 H
390 3703 415 3765 O
441 3702 538 3767 120οτ
562 3703 679 3785 ubique
690 3725 773 3767 mors
789 3723 839 3764 me
853 3701 947 3784 fugit,
964 3702 1000 3762 ut
1015 3698 1079 3762 leto
1093 3698 1221 3763 inclitae

578 3805 718 3889 sortis⁵⁹)
741 3827 889 3869 carerem.
911 3827 929 3868 o
951 3802 1047 3880 ferae,
1071 3805 1171 3867 victas
1193 3803 1287 3865 ferae.

192 3917 194 3922 '
262 3909 359 3973 editio
373 3909 517 3994 princeps
539 3910 637 3976 habet
653 3931 714 3990 pro
737 3909 831 3989 ferae,
855 3909 954 3973 victua
972 3906 1066 3986 ferae.
1089 3906 1171 3971 hanc
1186 3906 1404 3978 coniecturam,

262 4015 389 4078 tametsi
411 4013 489 4079 mihi
511 4016 613 4100 magis
636 4015 739 4098 placet
762 4035 807 4092 ea,
831 4035 927 4097 quam
949 4013 1069 4078 Birtius
1091 4010 1255 4095 proposuit
1279 4007 1403 4092 (abique
1473 4043 1474 4126 p

332 4158 367 4226 ⁵⁸)
385 4159 633 4216 Precemmocebaat
650 4161 688 4223 A;
702 4177 795 4229 preces
813 4161 950 4214 movebunt
968 4158 1054 4215 editio
1071 4157 1151 4220 Ald.;
1166 4155 1247 4226 paeri
1264 4155 1402 4210 mooebrod

261 4227 418 4295 Bentleius;
432 4247 511 4299 prece
529 4233 724 4286 commeabant
740 4230 769 4285 L.
789 4229 945 4288 Muellerus.
1160 4296 1165 4306 Ι
1292 4297 1297 4308 .

262 4366 310 4421 bet
327 4298 367 4422 2)
386 4299 431 4354 Sic
450 4317 513 4355 cum
534 4299 625 4356 Leone
641 4317 692 4370 pro
710 4301 815 4357 tradito
832 4301 916 4355 verbo
933 4300 1028 4354 mortis
1040 4297 1096 4366 legi
1113 4297 1213 4362 vel1m;
1228 4296 1311 4364 fortas
1323 4307 1402 4365 prae·
