2958 4952
610 325 629 386 5

25 529 31 540 ·
50 502 188 583 scriptas
212 500 329 565 fecisse.
376 496 546 581 Sophocles
569 497 652 560 enim
676 498 753 560 duos
770 494 883 558 Aiaces
905 496 1040 579 scripsit,
1065 497 1195 562 Aiacem

48 603 278 688 μαστιγοφόρων
302 606 334 666 et
349 602 478 667 Aiacem
493 599 628 682 Λοκρόν.
653 605 749 683 atque
763 602 797 664 in
813 601 920 666 Aiacis
936 602 1113 684 superstitis
1129 603 1188 685 hy-

47 709 179 794 pothesi
201 708 337 792 legimus
367 707 448 771 hanc
481 707 622 770 fabulam
634 705 764 770 Aiacem
799 705 1026 786 μαστιγοφόρον
1049 707 1194 771 nomina·

47 817 209 888 tamesae,
233 816 269 876 ut
291 810 331 874 ab
347 810 446 875 altero
461 810 558 874 Aiace
577 809 712 874 discerni
734 813 850 894 posset,
873 830 946 873 nam
965 809 997 870 ἐν
1019 818 1085 882 ταῖς
1109 809 1194 872 διδα-

49 914 195 988 σκαλίαις
212 913 308 995 ψιλῶς
325 914 403 988 Αἶας
420 912 661 995 ἀναγέγραπται.
679 912 738 978 hac
754 934 788 975 re
804 911 882 976 mihi
902 913 1055 995 probatur
1071 913 1194 997 Sopho·

50 1022 108 1086 elis
121 1020 273 1084 Aiacibus
295 1019 425 1084 eundem
450 1017 579 1082 titulum
597 1018 651 1101 (sc.
668 1016 759 1100 Αἴας)
776 1014 922 1099 frissel).
946 1017 1001 1081 sed
1023 1017 1100 1083 haec
1123 1039 1191 1081 om-

49 1127 111 1202 nia,
129 1146 210 1208 quae
221 1123 348 1209 protuli,
364 1122 391 1185 si
403 1122 485 1186 falsa
500 1127 612 1200 essent,
629 1142 699 1186 cum
717 1121 803 1185 infra
819 1123 865 1202 (in
880 1124 974 1186 tertia
986 1122 1088 1205 parte)
1105 1123 1193 1187 dixe·
1217 1149 1220 1156 ²

46 1230 110 1292 rim
134 1228 249 1312 quibus
271 1229 372 1292 causis
387 1230 560 1292 commotus
574 1229 668 1309 poeta
682 1225 797 1289 iterum
813 1223 981 1290 Herculem
1002 1229 1194 1304 tractaverit,

47 1353 112 1396 non
135 1332 181 1396 ita
205 1353 297 1416 aegre
319 1330 482 1414 ferrem³le
503 1330 626 1414 reliqua
640 1329 753 1394 Leonis
775 1333 972 1413 argumenta,
996 1351 1077 1413 quae
1099 1352 1195 1414 supra

47 1439 92 1522 (p.
118 1437 150 1520 4)
186 1438 435 1514 commemoravi,
465 1458 536 1501 cum
559 1436 710 1500 Hercules
744 1433 880 1500 Oetaeus
912 1435 954 1497 sit
983 1433 1087 1518 δρᾶμα
1118 1435 1194 1496 ἀνα-

28 1539 228 1622 ,precavea-
243 1540 297 1623 (cf.
321 1546 403 1624 part.
428 1541 508 1623 alr.)‚
531 1541 650 1605 nullius
674 1541 824 1604 momenti
846 1545 930 1604 sunt.
964 1542 1018 1604 sed
1039 1561 1193 1623 ponamus

47 1646 131 1709 hanc
153 1644 295 1709 fabulam
317 1646 351 1709 in
374 1667 518 1710 scaenam
541 1667 608 1709 esse
630 1645 825 1729 productam,
848 1648 953 1707 tamen
977 1644 1010 1706 in
1034 1665 1080 1722 eo,
1109 1645 1194 1727 quod

47 1748 170 1813 duobus
193 1749 270 1815 locis
292 1770 342 1812 res
366 1751 481 1833 agitur,
515 1748 673 1812 offendere
695 1769 759 1812 non
781 1768 957 1829 possumus.
995 1769 1088 1812 nemo
1110 1749 1192 1812 enim

47 1851 149 1916 nescit
171 1855 258 1917 etin
280 1852 430 1935 Aeschyli
452 1849 680 1914 Eumenidibus
703 1857 734 1915 et
756 1851 790 1913 in
812 1849 975 1934 Sophoclis
990 1851 1088 1916 Aiace
1110 1852 1193 1917 idem

47 1957 126 2020 fieri.
152 1979 188 2021 ac
211 1956 331 2020 Bittius
354 1956 402 2020 vir
425 1956 622 2020 doctissimus
644 1976 707 2019 non
731 1954 833 2019 solum
855 1955 889 2018 in
908 1953 1042 2020 Curiatii
1057 1955 1193 2020 Materni

47 2060 190 2125 Domitio
212 2065 420 2145 praetextata,
443 2061 615 2125 sedetiam
638 2062 671 2124 in
695 2059 830 2125 Senecae
853 2057 1035 2126 Phoenissis
1066 2081 1192 2126 scenam

46 2167 165 2229 mutari
188 2164 391 2248 comprobare
414 2171 543 2230 conatus
566 2169 615 2229 est
637 2171 683 2248 (p.
708 2165 771 2228 526
788 2164 881 2248 sqq.).
914 2166 997 2249 quod
1020 2165 1082 2229 duo
1105 2165 1192 2229 chori

45 2270 250 2348 inducuntur,
273 2292 346 2334 cum
366 2271 400 2334 in
416 2269 655 2354 Agamemnone
671 2270 755 2334 idem
770 2269 1048 2352 deprehendamus,
1066 2266 1106 2331 ab
1121 2268 1191 2333 An·

46 2395 167 2438 naeano
191 2395 251 2438 usu
273 2395 337 2437 non
360 2374 518 2440 abhorret.
542 2376 663 2439 accedit
685 2374 769 2456 quod
791 2371 944 2437 Melzerus
977 2372 1010 2455 (l.
1035 2395 1059 2436 s.
1082 2395 1112 2455 p.
1139 2373 1192 2456 12)

48 2483 80 2540 et
103 2475 343 2561 Steinbergerus
367 2478 658 2561 (commentationes
675 2477 832 2542 Guilelmo
855 2478 892 2540 de
908 2477 1014 2541 Christ
1030 2477 1190 2541 dedicatae

45 2605 77 2665 p.
104 2579 178 2663 189)
203 2580 359 2659 dubitant,
392 2605 431 2646 an
454 2585 487 2647 in
509 2581 619 2655 Medea
641 2603 767 2666 quoque
791 2582 906 2664 duplex
935 2583 977 2645 sit
1008 2581 1192 2645 statuendus

47 2686 170 2750 chorus.
194 2708 252 2750 nee
275 2690 323 2749 ert
352 2707 408 2751 cur
430 2707 577 2750 versuum
606 2685 841 2751 multitudinem
864 2687 1086 2768 vituperemus.
1120 2707 1191 2748 cum

47 2791 131 2854 enim
154 2790 306 2854 Hercules
329 2791 410 2855 alter
433 2812 471 2856 ex
493 2791 635 2856 versibus
653 2791 745 2869 1996,
770 2790 922 2856 Hercules
944 2791 1030 2872 prior
1053 2790 1191 2854 011326

47 2899 181 2973 constet,
205 2895 383 2958 differentia
405 2917 467 2959 non
490 2899 580 2959 tanta
603 2900 660 2974 est,
683 2916 764 2978 quae
785 2894 862 2959 ferri
885 2915 947 2959 non
962 2895 1071 2977 possit.
1095 2896 1192 2976 atque

47 3020 120 3062 cum
142 2997 330 3064 Aristoteles
353 2998 437 3062 dicat
460 2999 524 3079 (ars
546 3004 629 3083 poet.
646 3020 713 3083 cap.
732 2996 782 3080 7):
807 3004 861 3058 τοῦ
878 2995 997 3079 μήκους
1013 2995 1187 3077 ὅρος<ὁ>

49 3103 106 3184 μὲν
129 3104 206 3183 πρὸς
229 3104 300 3174 τοὺς
324 3101 447 3183 ἀγῶνας
470 3104 525 3165 καὶ
547 3105 602 3186 τὴν
630 3103 784 3185 αἴσθησιν,
813 3103 849 3165 οὐ
879 3109 934 3183 τῆς
965 3098 1076 3183 τέχνης
1099 3099 1190 3178 ἐστίν,

48 3207 243 3272 solummodo
266 3206 502 3272 deliberandum
526 3212 582 3284 est,
614 3212 721 3272 utrum
752 3209 900 3290 spatium,
931 3207 1015 3289 quod
1037 3204 1190 3268 Hercules

46 3309 182 3375 Oetaeus
205 3310 351 3393 complet,
376 3311 417 3374 ait
439 3314 572 3390 tantum,
595 3317 631 3376 ut
652 3313 686 3375 in
702 3333 847 3376 scaenam
865 3310 996 3394 produci
1012 3329 1075 3373 non
1091 3309 1191 3392 possit

44 3435 87 3478 an
111 3415 206 3478 etiam
236 3415 316 3480 aliae
349 3412 531 3498 tragoediae
566 3414 704 3479 eiusdem
738 3414 945 3498 longitudinis
979 3414 1187 3477 inveniantur.

45 3515 210 3600 Sophoclis
233 3511 372 3602 Oedipus
395 3517 549 3584 Coloneus
573 3517 656 3582 1779
673 3539 712 3582 ex
734 3517 876 3581 versibus
898 3517 1073 3602 composita
1095 3520 1191 3582 estet

45 3619 207 3703 Euripidis
229 3620 410 3686 Phoenissis
433 3626 508 3686 sunt
529 3643 637 3687 versus
662 3623 755 3687 1766.
793 3620 951 3687 Iuvenalis
973 3625 1118 3708 ingentes
1141 3622 1189 3687 fa-

43 3723 136 3789 bulas
158 3724 269 3790 irridet
289 3727 305 3790 I
327 3727 347 3788 4
371 3748 458 3810 sqq.:

350 3830 477 3913 impune
500 3832 581 3896 diem
604 3832 834 3915 consumpserit
855 3832 967 3914 ingens

220 3933 377 4017 Telephus
400 3939 456 3999 aut
478 3937 593 4000 summi
614 3937 708 4021 plena
729 3938 794 4001 iam
808 3920 960 4020 ¹margine
983 3935 1057 4000 libri

219 4039 355 4123 scriptus
377 4044 409 4104 et
430 4042 464 4104 in
486 4045 578 4126 tergo
593 4042 726 4107 necdum
748 4041 857 4105 finitus
880 4037 1069 4124 Orestest⁴l

114 4174 199 4256 fter.
215 4174 247 4231 G.
259 4175 440 4245 Hippenstiel
460 4178 492 4230 dc
506 4177 669 4234 Graecorum
686 4180 850 4250 tropicarum
863 4179 1020 4246 pompm
1032 4179 1189 4244 sotularem

46 4245 199 4414 nmillblid
217 4249 460 4397 didddii'riruro
480 4316 565 4369 etiam
585 4317 718 4399 Melasrus
737 4316 894 4398 disputavit
913 4334 941 4386 p.
956 4319 1003 4398 ι13.

128 4386 137 4452 )
159 4383 199 4437 Cf.
217 4385 466 4441 Friedlaenderum
486 4385 522 4439 ad
541 4387 567 4450 1.,
587 4403 636 4454 qur
654 4388 723 4441 duos
742 4389 812 4442 ahos
831 4387 985 4444 adnotavit.
