2958 4952
804 314 844 376 12

481 487 583 550 adfuit
604 489 672 550 tota
694 487 865 551 comitante
888 486 977 564 silva,

479 591 631 656 Thracios
653 613 781 674 sparsus
802 593 899 656 iacuit
920 613 978 675 per
1001 613 1103 676 agros,

480 701 514 761 at
536 699 631 781 caput
652 696 737 760 tristi
758 695 897 759 fluitavit
918 694 1074 761 Hebr0231

480 802 614 885 contigit
636 804 742 864 notam
767 800 866 885 Styga
889 801 1128 884 Tartarumqne,

479 926 541 968 non
564 905 729 968 rediturus.

249 1009 283 1074 in
305 1009 477 1073 sententia:
504 1007 657 1072 Ihrncc'os
679 1028 813 1088 sparsas
835 1010 933 1074 lacuit
952 1031 1012 1091 per
1034 1030 1128 1092 apros
1143 1009 1304 1094 Orpheum
1328 1031 1402 1074 esse

251 1113 426 1178 subiectum
448 1110 602 1177 Melzerus
625 1113 795 1189 contendit,
818 1115 900 1197 quod
923 1118 1028 1177 tamen
1057 1135 1183 1197 prorsus
1212 1115 1402 1179 incredibile

249 1223 305 1284 cst.
330 1219 537 1302 nequeenim
561 1216 715 1301 Orpheae,
751 1218 825 1282 dum
847 1218 941 1296 canit,
974 1241 1100 1302 sparsus
1122 1219 1254 1297 iacebat,
1281 1241 1400 1302 neque,
1458 1217 1459 1222 ’

251 1345 322 1389 cum
345 1323 531 1407 magnitudo
554 1324 621 1386 eius
644 1327 693 1386 tot
715 1323 892 1388 cubitorum
914 1346 976 1388 non
999 1329 1089 1400 esset,
1114 1346 1169 1406 per
1184 1344 1276 1408 agros
1292 1323 1401 1387 iacere

250 1431 393 1512 poterat,
428 1448 531 1510 neque
552 1428 585 1490 in
608 1432 715 1510 partes
748 1427 867 1491 divisus
888 1427 989 1510 lyram
1023 1426 1252 1492 modulabatur.
1299 1432 1400 1510 atque

250 1553 321 1597 cum
343 1529 478 1595 Melnero
501 1533 528 1594 si
550 1532 584 1595 in
606 1533 714 1596 eadem
739 1533 894 1595 sententia
917 1554 1035 1610 sumus,
1059 1535 1224 1596 contextus
1240 1534 1400 1596 sermonis
1458 1613 1459 1616 Ἴ

250 1635 331 1701 male
354 1635 605 1718 interrumpitur.
629 1637 705 1720 quid
721 1637 804 1700 enim
821 1637 882 1700 sibi
898 1637 1010 1700 volunt
1025 1636 1121 1698 verba
1136 1641 1170 1700 ut
1185 1641 1286 1716 capul,
1312 1658 1399 1719 qnae

249 1741 316 1805 sine
339 1739 433 1804 dubio
457 1741 497 1804 ad
521 1742 739 1805 antecedentia
760 1741 957 1824 respiciunt?
980 1763 1014 1804 re
1036 1761 1111 1804 vera
1133 1744 1239 1806 autam
1253 1743 1287 1805 in
1301 1763 1400 1805 versu
1458 1745 1459 1800 t

251 1845 314 1908 630
337 1845 512 1909 subiectum
536 1849 583 1908 est
605 1844 732 1908 Hebrus
760 1866 850 1909 casus
877 1846 1108 1923 nominativus,
1141 1847 1196 1928 qui
1222 1867 1261 1909 ex
1286 1847 1399 1910 dativo

249 1949 283 2013 in
316 1953 466 2033 sequente
499 1971 591 2012 versu
626 1951 769 2012 exstante
803 1950 995 2033 supplendus
1029 1955 1085 2014 est.
1144 1949 1260 2015 Seneca
1292 1951 1399 2034 igitur

248 2058 357 2117 narrat
377 2053 517 2117 fluminis
540 2074 636 2136 prope
652 2051 812 2136 Orpheum
834 2057 957 2136 partem
972 2054 1159 2130 substitisse,
1182 2052 1283 2119 Hebri
1298 2059 1400 2137 caput
1458 2057 1459 2112 ἔ

249 2159 356 2222 autem
389 2155 527 2221 fluxisse.
584 2153 702 2219 Similis
736 2155 824 2219 locus
856 2155 890 2217 in
920 2154 1057 2220 Hercule
1086 2157 1202 2223 Oetaeo
1233 2159 1398 2223 invenitur
1458 2161 1459 2172 ³

249 2260 301 2344 (cf.
326 2283 356 2343 p.
383 2260 446 2344 18).
492 2262 599 2344 itaque
632 2281 703 2323 cum
727 2257 855 2322 Melzeri
892 2261 1103 2343 propugnatio
1141 2283 1205 2324 non
1244 2281 1399 2343 prospera

248 2365 354 2444 fuerit,
378 2365 441 2431 alio
473 2364 564 2430 modo
594 2363 668 2426 huic
696 2362 864 2447 participio
894 2363 1034 2445 perfecto
1065 2384 1203 2444 sparsas
1232 2369 1397 2430 excusatio

247 2471 387 2553 paranda
399 2474 456 2535 est.
473 2470 561 2553 legas
573 2471 687 2545 autem,
704 2489 785 2551 quae
799 2467 882 2531 infra
899 2467 942 2552 (p.
954 2467 1040 2551 tert.)
1057 2469 1116 2533 hac
1129 2469 1167 2532 dc
1177 2491 1212 2533 re
1224 2469 1395 2552 disputavi.
1458 2495 1459 2554 ἦ

334 2574 382 2638 De
405 2597 497 2639 versu
521 2573 605 2639 1556
629 2594 709 2656 qnae
724 2572 785 2636 heo
809 2572 965 2650 disseruit,
989 2594 1060 2637 cum
1083 2573 1201 2658 optime
1223 2572 1397 2639 aMelnero
1458 2647 1459 2673 ,

250 2677 292 2762 (p.
318 2677 372 2761 23)
395 2679 534 2745 refutata
557 2679 629 2756 sint,
654 2676 772 2741 sufficit
799 2698 1052 2755 commemorare,
1082 2700 1144 2742 non
1166 2678 1304 2742 Leonem
1326 2679 1397 2760 pri-
1458 2761 1459 2764 Ἴ

247 2804 342 2859 mum,
367 2784 421 2847 sed
443 2782 609 2865 Peipernm
631 2787 704 2864 post
726 2802 851 2845 versum
876 2782 959 2846 1556
982 2781 1126 2846 lacunam
1148 2784 1305 2846 statuisse.

334 2886 390 2967 Hf.
423 2887 485 2950 745
509 2909 576 2970 sqq.
629 2884 768 2948 Theseus
812 2886 850 2949 de
894 2886 1048 2949 iudicibus
1093 2887 1225 2951 infernis
1268 2886 1397 2951 locutus

246 3012 336 3076 reges
379 2992 581 3068 adhortatur,
618 3011 659 3053 ne
696 2989 874 3055 crudelitati
911 2994 1100 3054 assuescant.
1152 2991 1281 3055 eandem
1317 2989 1397 3054 hor·

247 3096 399 3161 tationem
432 3117 561 3179 prorsus
595 3096 700 3177 inepte
733 3099 764 3158 et
794 3093 983 3176 κακοζήλως
1011 3093 1074 3158 ΗΟ
1101 3093 1271 3160 1560-63
1293 3096 1395 3159 inser·
1458 3105 1459 3114 ’

247 3205 312 3264 tam
335 3223 402 3265 esse
424 3200 506 3264 idem
529 3199 590 3264 Leo
606 3200 793 3278 autumavit,
809 3199 859 3262 cui
874 3199 1040 3263 oblocutus
1055 3203 1103 3262 est
1118 3198 1271 3263 Melnerus
1287 3199 1396 3264 verbis

246 3305 314 3369 his:
338 3304 401 3370 ΗΟ
423 3309 510 3370 1556
531 3325 577 3385 sq.
601 3309 703 3368 cutem
732 3304 852 3384 uliquis·
883 3309 929 3372 cst
954 3324 1059 3368 raam
1093 3308 1272 3369 waterlos:
1308 3305 1396 3368 inter

246 3408 422 3488 inferorum
444 3409 562 3473 iudices
584 3409 695 3474 dehinc
717 3409 868 3473 Hercules
891 3429 1011 3490 quoque
1041 3409 1117 3485 erit;
1153 3413 1268 3489 quanto
1292 3409 1396 3490 iyitrcr
1458 3423 1459 3502 j

246 3514 377 3598 pravior
399 3514 456 3578 erit
472 3520 551 3594 post
572 3520 701 3578 ncortcm
716 3535 824 3597 repam
846 3519 876 3579 et
891 3519 1097 3596 tyrannorum
1109 3533 1224 3594 poena,
1243 3533 1394 3594 praeser-

246 3618 302 3682 tim
324 3637 394 3680 cam
416 3617 488 3681 illos
508 3619 711 3697 potissimam
733 3618 843 3682 ulcisci
864 3618 955 3681 mous
978 3617 1094 3681 solitus
1117 3618 1167 3680 sit.
1197 3617 1291 3681 liceat
1313 3616 1395 3682 mihi
1458 3625 1459 3648 ¹

246 3723 342 3806 paulo
365 3721 541 3787 accuratius
563 3721 645 3786 hanc
659 3744 726 3786 rem
742 3722 907 3805 explicare.
932 3727 1025 3803 poeta
1040 3721 1116 3785 dicit
1132 3721 1173 3806 (v.
1192 3723 1275 3787 1550
1291 3721 1393 3806 sqq.):

249 3848 341 3903 ‚nnnc
364 3827 403 3890 ad
414 3826 626 3891 Acherontem
646 3824 733 3886 vadit
747 3823 908 3901 Hercules,
925 3845 1017 3906 quem
1034 3823 1186 3890 Charonis
1201 3826 1314 3890 cumba
1327 3846 1395 3889 non

247 3931 358 4010 solum,
382 3932 521 3995 seduna
543 3949 613 3992 cum
645 3929 754 3992 multis
777 3927 893 3992 vilibus
920 3929 1040 3993 umbris
1069 3930 1247 3995 transferet.
1285 3934 1394 3994 tamen

247 4035 402 4100 Hercules
424 4036 506 4099 inter
522 4034 600 4097 viles
623 4033 750 4097 umbras
772 4054 836 4097 non
851 4032 1002 4113 manebit,
1026 4035 1080 4099 sed
1101 4035 1185 4098 inter
1207 4035 1324 4099 iudices
1339 4033 1391 4097 in-

246 4138 353 4203 fernos
376 4138 496 4204 sedebit

317 4291 349 4358 ²³)
368 4293 427 4348 Hoc
445 4291 566 4347 coniecit
584 4290 755 4355 Gronovius,
783 4291 918 4346 traditum
947 4293 990 4346 est
1016 4292 1046 4346 in
1069 4289 1107 4345 H:
1136 4293 1173 4347 ad
1196 4299 1277 4362 caput
1302 4293 1391 4348 tristia

245 4365 364 4431 ductum
381 4363 475 4426 Helm',
494 4363 523 4416 in
542 4363 578 4416 l:
596 4363 634 4417 ad
653 4369 734 4431 caput
751 4367 854 4418 tractas
870 4363 991 4430 sinuatis
1010 4362 1104 4416 Hebri.
