2958 4952
821 327 862 390 42

534 501 690 577 cadiaere,
715 500 807 582 Lyce,
831 501 866 564 di
888 521 956 566 mea
979 506 1058 579 vota,
1082 502 1117 565 aa·

445 611 477 669 et
534 605 649 669 batam
672 603 837 668 sollicitas:
862 604 916 668 ille
937 605 1065 668 circatis
1088 609 1124 669 et.

271 767 433 845 praeterea
465 763 566 827 simile
599 762 713 825 vitium
744 762 776 824 iu
808 760 945 844 Thyeste
977 763 1147 827 invenitur.
1194 761 1310 827 Seneca
1330 763 1407 827 enim

270 866 371 929 vitare
393 867 552 943 studebat,
567 888 607 930 ne
622 887 748 929 versum
763 866 996 948 anapaesticum
1014 866 1232 951 monosyllabo
1248 867 1406 931 clauderet.

270 972 354 1054 quod
388 970 449 1034 sibi
479 971 631 1034 concessit
659 970 756 1033 semel
783 972 816 1034 in
838 971 921 1052 Apa.
946 969 987 1052 (v.
1013 970 1066 1054 78)
1092 976 1123 1035 et
1145 977 1257 1054 quater
1278 973 1311 1035 in
1334 971 1405 1052 ray.

270 1074 357 1155 (827,
374 1074 447 1152 883,
464 1075 537 1152 963,
555 1074 640 1158 968).
676 1076 703 1138 si
731 1074 860 1137 veroin
888 1076 1050 1156 anapaesti
1080 1077 1142 1140 fine
1164 1075 1408 1159 monosyllabum

269 1179 383 1261 posuit,
400 1199 521 1261 semper
536 1178 623 1242 aliud
640 1178 893 1263 monosyllabum
909 1179 1094 1242 antecedens
1109 1179 1193 1243 fecit.
1224 1178 1408 1264 bisyllabum

268 1286 375 1347 autem
399 1283 555 1347 antecedit
585 1283 680 1347 semel
703 1283 736 1346 in
762 1281 839 1363 ray.
864 1283 938 1346 968.
976 1289 1115 1346 ceterum
1137 1283 1217 1348 illud
1247 1306 1407 1370 argaman·
1462 1359 1463 1372 χ

268 1390 337 1449 tum
352 1386 421 1450 leve
443 1409 510 1450 esse
525 1386 589 1450 Leo
612 1409 683 1451 cum
706 1389 840 1469 priorem
857 1386 1003 1451 Herculis
1026 1385 1136 1451 Oetaei
1157 1391 1281 1470 partem
1304 1389 1407 1472 genui·

268 1513 341 1555 nam
365 1495 500 1574 putaret,
524 1494 592 1574 ipse
615 1493 776 1556 confessus
800 1496 847 1554 est
870 1489 900 1572 (I
921 1515 951 1576 p.
979 1490 1043 1574 70).

356 1597 477 1661 Birtius
499 1599 566 1661 iure
582 1618 675 1681 aegre
698 1597 773 1661 tulit
797 1597 830 1682 (l.
845 1620 868 1661 s.
882 1621 911 1680 p.
927 1597 1003 1678 516)
1026 1596 1129 1660 locum
1157 1599 1241 1662 hunc
1258 1597 1319 1662 ΗΟ
1335 1598 1408 1661 198:

267 1701 328 1764 sibi
348 1701 492 1766 Tantalis
515 1707 562 1766 est
582 1702 669 1782 facta
683 1707 851 1783 superstes,
876 1722 938 1786 qua
961 1703 993 1764 in
1018 1723 1109 1764 versu
1133 1704 1330 1785 anapaestico
1352 1725 1409 1766 vox

269 1806 423 1889 dactylica
447 1806 479 1868 in
496 1807 599 1888 prima
621 1807 745 1891 syllaba
769 1812 861 1870 acuta
885 1806 1061 1890 (Tantalis)
1085 1811 1197 1870 exstat.
1223 1829 1408 1891 quamquam

267 1909 328 1974 hac
350 1913 434 1994 apud
458 1911 608 1976 Senecam
631 1934 706 1976 sane
727 1934 881 1994 nusquam
907 1911 984 1974 alibi
1006 1912 1121 1987 inveni,
1146 1914 1253 1975 tamen
1280 1934 1341 1976 non
1372 1911 1407 1974 ab

268 2015 353 2076 omni
375 2019 443 2078 arte
465 2015 597 2077 metrica
621 2015 759 2077 alienum
783 2035 849 2076 esse
865 2034 1043 2095 cognosces,
1060 2015 1086 2077 si
1102 2013 1217 2078 videris
1234 2011 1408 2078 Terentiani

267 2114 372 2180 Mauri
394 2139 502 2182 versus
526 2117 582 2181 hos
608 2117 659 2198 (G.
684 2118 717 2182 L.
743 2118 789 2181 ad.
815 2116 853 2180 Κ.
878 2115 925 2180 Vl
947 2139 977 2199 p.
1002 2116 1097 2200 379):

571 2279 666 2356 atque
689 2272 742 2336 ille
765 2277 859 2355 poeta
882 2271 1022 2336 Faliscus

571 2401 642 2442 cum
666 2378 787 2442 ludicra
809 2378 947 2441 carmina
968 2380 1081 2462 pangit

571 2507 643 2562 ,uva
665 2507 727 2548 uva
749 2507 817 2548 sum
841 2488 873 2548 et
895 2507 957 2547 uva
980 2483 1115 2549 Falerna

570 2593 671 2653 atter
693 2589 778 2652 feror
800 2595 832 2652 et
855 2593 967 2671 quater
989 2589 1079 2653 anno’

569 2693 650 2757 libro
674 2714 799 2776 quoque
822 2693 901 2757 dixit
924 2695 1031 2757 eodem

571 2800 672 2861 undae
696 2798 777 2860 unde
800 2797 929 2861 colonus
953 2819 1027 2861 eoae

570 2923 588 2963 a
610 2901 738 2965 flumine
760 2903 847 2965 venit
869 2901 989 2966 Oronti

265 3059 372 3142 itaque
394 3079 457 3122 non
480 3058 581 3122 salum
603 3056 808 3122 Terentianus
831 3058 899 3139 ipse
922 3058 970 3122 bis
992 3058 1026 3121 in
1043 3059 1149 3123 eodem
1165 3081 1258 3124 versu
1274 3059 1405 3140 (ludicra

265 3162 422 3246 carmina)
447 3161 577 3226 verbnm
601 3162 790 3246 dactylicum
814 3165 919 3246 posuit
940 3163 974 3226 in
996 3165 1098 3247 prima
1129 3163 1251 3247 syllaba
1274 3167 1404 3239 acutum,

265 3269 319 3332 sed
343 3269 437 3331 etiam
460 3267 602 3332 Faliscus
617 3266 671 3332 ille
685 3273 789 3352 poeta,
807 3290 899 3351 quern
917 3269 1097 3333 Annianum
1111 3290 1177 3333 esse
1193 3267 1405 3332 Lachmannus

264 3395 320 3438 nas
343 3373 448 3438 docuit
472 3371 523 3457 (ad
547 3371 670 3437 Terent.
696 3373 796 3437 Maur.
821 3396 851 3456 p.
875 3371 977 3457 XIII),
1002 3374 1148 3438 similiter
1170 3373 1310 3456 peccavit
1334 3372 1404 3455 (flci-

264 3477 369 3561 miae).
394 3482 555 3560 praeterea
577 3479 718 3543 conferas
740 3499 848 3542 versus
869 3478 941 3542 hos:

438 3633 514 3717 fuge
537 3637 696 3699 moenia
719 3637 782 3698 iam
805 3634 1035 3711 Telamoniade,

438 3737 510 3801 date
533 3738 671 3804 Pierides
693 3740 772 3802 mihi
795 3741 981 3804 carmina
1004 3738 1264 3822 doctiloquorum,

308 3863 365 3907 sua
387 3865 475 3907 mun
489 3864 560 3906 era
582 3845 645 3908 fert
668 3841 775 3907 Venus
798 3843 883 3908 alma
905 3864 992 3907 rosas
1015 3844 1120 3907 iuveni
1143 3841 1340 3926 Ginyreidae,

308 3946 379 4012 date
402 3947 476 4012 vina
498 3948 586 4026 mihi,
611 3949 682 4012 date
704 3953 796 4024 serta,
821 3950 909 4011 iuvat
925 3948 998 4010 dare
1013 3953 1198 4031 tempora
1212 3951 1280 4011 tata
1295 3946 1401 4030 Lyaeo.

263 4052 341 4116 baec
364 4052 507 4136 exempla
529 4052 635 4116 inveni
658 4054 742 4135 apud
766 4051 907 4117 Servium
926 4049 976 4134 (G.
1003 4050 1037 4115 L.
1062 4053 1108 4116 ed.
1133 4051 1173 4114 K.
1196 4048 1243 4113 IV
1265 4071 1296 4134 p.
1321 4049 1401 4132 462).

264 4157 398 4221 concedo
422 4161 525 4222 autem
549 4179 656 4220 versus
680 4180 698 4221 a
722 4179 772 4220 me
794 4156 907 4220 allatos
922 4153 1017 4240 paulo
1032 4155 1172 4220 diversos
1187 4177 1256 4220 esse
1271 4155 1312 4218 ab
1327 4153 1402 4220 Her·

263 4256 342 4323 culis
365 4258 474 4324 Oetaei
495 4261 575 4337 loco,
605 4282 677 4343 quo,
705 4261 732 4324 si
755 4281 883 4343 prorsus
905 4259 1076 4344 singularis
1098 4263 1189 4336 esset,
1219 4279 1291 4324 cum
1315 4259 1401 4323 etiam
