2958 4952
840 307 883 372 62

381 481 473 548 Ultra
495 478 560 544 ΗΟ
584 481 667 545 1245
689 480 772 544 idem
795 480 974 564 significare
1000 483 1086 564 qnod
1109 481 1245 562 posthac
1266 481 1325 547 Leo
1345 487 1413 547 reete

288 587 368 652 dixit
391 586 420 670 (Ι
442 610 472 671 p.
497 587 561 668 62).
585 588 638 650 sed
659 587 748 670 legas
771 586 890 650 Ptaed.
915 587 995 650 945:

444 691 495 756 En
517 713 634 776 perage
657 690 774 755 donum
795 693 897 767 triste,
921 695 1071 775 regnator
1092 691 1184 755 freti!

443 819 505 861 non
529 799 637 861 cernat
659 794 770 860 ultra
792 797 930 861 lucidum
954 795 1149 881 Hippolytus
1171 796 1254 860 diem

443 901 598 983 adeatque
620 921 728 964 manes
750 901 873 965 iuvenis
896 901 994 965 iratos
1017 903 1110 984 patri.

373 1004 508 1069 Leonem
531 1025 622 1068 usum
645 1004 873 1086 particularum
894 1004 967 1068 tiae
997 1010 1030 1068 et
1059 1004 1131 1068 iude
1153 1003 1300 1067 Herculis
1323 1002 1413 1067 Oetaei

289 1109 411 1174 auctori
434 1130 598 1192 perperam
621 1108 745 1171 crimini
768 1108 888 1172 dedisse
910 1108 1139 1173 demonstravit
1154 1107 1309 1172 Melzerus
1331 1130 1358 1190 p.
1374 1109 1413 1171 34.

374 1213 429 1277 Bis
451 1213 485 1274 in
507 1212 548 1275 H
547 1210 573 1275 0
597 1211 674 1296 (859
691 1215 722 1276 et
739 1211 836 1296 1408)
863 1212 976 1276 deinde
992 1214 1030 1276 ad
1047 1212 1237 1297 particulam
1251 1214 1413 1296 interroga·

285 1318 385 1382 tivam
407 1316 453 1380 ita
476 1317 603 1394 accedit,
627 1320 664 1380 ut
686 1339 749 1381 non
770 1318 921 1400 temporis
944 1339 1146 1402 progressum
1168 1319 1295 1394 indicet,
1324 1317 1372 1382 sed
1390 1317 1414 1380 id

287 1420 371 1504 quod
395 1425 468 1484 ante
491 1420 608 1486 dictum
631 1426 679 1484 est
702 1442 770 1485 cum
794 1423 826 1486 vi
848 1422 984 1504 quadam
1000 1424 1133 1505 repetat.
1156 1419 1243 1485 hunc
1257 1443 1348 1484 usum
1361 1421 1413 1483 sin·

285 1524 430 1611 gularem
459 1547 526 1590 esse
547 1525 644 1590 Leoni
672 1526 901 1590 concedendum
923 1526 1048 1590 videtur
1080 1525 1134 1608 (cf.
1157 1525 1219 1589 Leo
1242 1523 1311 1609 lp.
1335 1525 1371 1588 63
1390 1527 1414 1585 et

286 1629 376 1695 Mela.
400 1652 430 1712 p.
456 1628 522 1712 34).
562 1630 617 1694 sed
648 1631 743 1694 etiam
765 1631 903 1712 reliquae
925 1631 1106 1713 tragoediae
1129 1629 1284 1693 nonnulla
1306 1652 1325 1692 a
1345 1650 1414 1692 com-

285 1735 374 1798 muni
396 1755 455 1797 usu
480 1733 581 1797 aliena
603 1734 729 1798 habent.
769 1735 941 1816 particulae
964 1734 1046 1812 ilice,
1070 1735 1161 1807 eitra,
1193 1731 1343 1813 iatro¹⁰²)
1364 1753 1411 1794 non

285 1840 346 1904 nisi
377 1840 411 1903 in
445 1837 517 1904 Oed.
542 1842 668 1903 exstant
702 1837 744 1920 (v.
770 1839 843 1914 598,
867 1839 941 1915 951,
965 1839 1052 1920 557).
1086 1838 1119 1901 in
1143 1837 1261 1901 Medea
1291 1836 1354 1900 sola
1372 1836 1411 1897 iu-

284 1944 455 2007 veniuntur
482 1949 645 2024 perpetuo,
671 1945 873 2024 priusquam,
907 1943 1022 2023 qaiprpe
1046 1942 1088 2025 (v.
1113 1943 1184 2020 196,
1208 1941 1282 2020 298,
1307 1937 1412 2019 25619)

285 2045 374 2129 438).
399 2047 593 2110 solummodo
615 2048 648 2108 in
673 2047 820 2110 Phaedra
847 2046 997 2129 leguntur
1018 2049 1155 2124 minime,
1187 2066 1278 2126 pone,
1315 2063 1411 2118 caua,

284 2171 354 2215 vero
377 2149 419 2234 (v.
443 2150 517 2227 895,
542 2150 634 2228 1046,
659 2150 732 2226 428,
758 2149 865 2233 1082).

372 2255 434 2319 Leo
457 2254 485 2337 (Ι
506 2277 536 2338 p.
561 2254 615 2337 64)
640 2262 671 2319 et
693 2255 812 2318 Birtius
836 2254 879 2336 (p.
896 2255 975 2335 516)
1000 2255 1259 2338 vituperaverunt
1280 2253 1346 2334 fors
1359 2250 1411 2315 ΗΘ

286 2359 350 2422 574
373 2381 430 2443 pro
452 2358 565 2438 forsaa
587 2361 736 2441 positum,
759 2381 778 2421 a
800 2355 918 2422 Seneca
934 2358 1080 2422 alienum.
1111 2357 1171 2422 hoo
1186 2358 1254 2422 loco
1269 2380 1331 2423 non
1344 2357 1410 2437 forr,

285 2463 340 2527 sed
360 2463 485 2542 farsam
506 2465 674 2547 legendum
697 2486 764 2528 esse
779 2465 842 2527 iam
857 2463 978 2526 Bittius
1000 2462 1079 2525 mihi
1095 2463 1252 2545 persuasit
1273 2464 1312 2526 cf.
1334 2481 1412 2544 supra

284 2590 314 2651 p.
339 2570 390 2633 31.
421 2572 583 2653 praeterea
604 2569 667 2633 Leo
689 2571 757 2652 ipse
779 2569 934 2634 concessit
957 2567 986 2650 (Ι
1002 2591 1032 2652 p.
1048 2565 1101 2650 70)
1126 2569 1186 2633 hoc
1208 2571 1411 2652 argumentum

284 2695 348 2737 non
372 2674 508 2738 multum
530 2672 644 2738 valere.

371 2779 523 2842 Forsitan
546 2779 596 2842 vel
617 2777 731 2858 forsan
753 2801 773 2840 a
796 2782 897 2863 poetis
920 2799 1014 2861 saepe
1036 2800 1106 2842 cum
1123 2778 1294 2842 indicativo
1318 2773 1410 2846 futuri,

284 2882 384 2946 multo
407 2884 509 2946 rarius
532 2903 603 2945 cum
626 2883 795 2946 indicativo
818 2884 992 2966 praesentis
1014 2882 1065 2946 vel
1087 2883 1250 2966 praeteriti
1281 2876 1411 2961 coniungi

284 2987 364 3050 dixit
386 2987 469 3050 idem
491 2985 554 3050 Ireo
578 2988 607 3066 (Ι
628 3009 659 3069 p.
684 2988 748 3070 63).
772 2986 879 3070 itaque
901 3009 972 3050 cnm
995 2989 1044 3052 bis
1077 2992 1201 3051 tantum
1233 2990 1267 3051 in
1298 2983 1411 3067 reliquis

284 3090 410 3166 fabulis,
434 3093 546 3174 quater
568 3095 674 3154 autem
689 3091 722 3155 in
737 3090 803 3155 ΗΘ
828 3091 965 3172 forsitan
979 3091 1029 3155 vel
1044 3092 1154 3172 forsan
1170 3113 1241 3157 oum
1256 3089 1410 3156 indicativo

283 3196 456 3278 praesentis
478 3197 529 3259 vel
551 3197 713 3280 praeteriti
736 3198 935 3260 coniunctum
958 3219 1024 3261 esse
1048 3197 1312 3272 animadverterit,
1343 3193 1411 3258 Her-

283 3299 362 3364 culis
385 3298 494 3364 Oetaei
517 3306 642 3383 poetam
664 3304 774 3365 contra
795 3299 1002 3365 Annaeanum
1034 3323 1126 3365 nsum
1153 3304 1329 3384 peccavisse
1350 3317 1411 3362 con·

283 3404 393 3468 tendit.
410 3402 472 3468 Leo
485 3404 552 3489 ipse
564 3405 647 3487 apud
657 3404 843 3488 Vergilium,
857 3404 1015 3482 Ovidium,
1029 3405 1240 3491 Propertium,
1254 3404 1412 3474 Tibullum,

283 3508 454 3587 lucanum,
478 3507 625 3591 Statium,
649 3507 811 3573 Valerium
835 3509 1040 3592 deprehendit
1055 3514 1119 3573 tres
1136 3515 1167 3574 et
1182 3509 1318 3594 triginta
1332 3509 1411 3578 locos,

283 3614 398 3695 quibas
421 3613 504 3677 idem
527 3615 697 3679 admissum
713 3613 830 3696 est¹⁰⁴).
856 3635 891 3678 ac
914 3637 977 3678 non
1001 3635 1109 3678 omnes
1124 3619 1235 3697 poetae
1250 3614 1359 3694 forsaa
1373 3605 1412 3672 vel

284 3715 423 3780 forsitan
446 3739 516 3781 cum
539 3718 708 3782 indicativo
731 3718 831 3783 futuri
854 3720 1044 3802 coniungere
1072 3720 1262 3783 maluerunt.
1308 3715 1412 3782 Statius

283 3822 367 3884 enim
389 3821 447 3885 has
469 3819 640 3904 particulas
664 3822 809 3905 equibus
832 3823 932 3886 sexies
955 3822 1160 3886 indicativum
1184 3821 1355 3906 praesentis
1373 3813 1413 3880 vel

282 3925 447 4010 praeteriti
461 3927 594 4007 pendere
616 3926 665 3989 vir
679 3925 878 3990 doctissimus
894 3925 983 4002 vidit,
1007 3947 1070 3989 non
1092 3927 1153 3990 nisi
1177 3930 1298 4010 quater,
1324 3943 1411 4008 quan·

282 4035 350 4095 tum
367 4032 440 4109 scic,
463 4029 634 4094 indicativo
650 4029 750 4094 futuri
765 4030 910 4094 adiunxit
934 4029 986 4113 (of.
1005 4029 1080 4095 Silv.
1097 4028 1113 4092 Ι
1128 4031 1158 4108 3,
1176 4031 1235 4105 62;
1258 4028 1291 4093 ΙΙ
1315 4029 1343 4106 3,
1361 4025 1412 4095 63;

353 4217 398 4284 ²⁰²)
417 4216 555 4270 traditum
577 4219 620 4270 est
639 4222 725 4271 antro.

353 4285 397 4352 108)
416 4287 490 4340 Med.
510 4287 560 4340 256
579 4287 679 4356 quippe
696 4287 726 4339 in
744 4285 766 4340 Ε
785 4285 919 4341 omissum
940 4289 990 4340 est.

352 4356 397 4423 ¹⁰⁴)
415 4357 491 4424 apud
510 4355 641 4409 Ovidium
660 4357 749 4410 solnm
768 4358 947 4411 inveniuntur
964 4355 1098 4411 tredecim
1117 4358 1253 4426 exempla.
