2958 4952
812 315 831 376 8

537 484 623 549 Med.
649 486 732 549 270:
754 485 856 550 libera
878 485 961 549 cives
984 492 1070 551 metu

339 587 417 670 Thy.
442 589 521 654 279:
546 589 625 653 bene
649 593 707 667 est,
731 589 855 654 abunde
879 594 927 654 est

542 695 620 777 Thy.
647 694 726 758 889:
750 694 829 757 bene
852 698 908 774 est,
934 695 1057 760 abunde
1080 701 1128 761 est

340 796 416 880 ssep.
441 799 521 864 848:
545 820 601 864 rex
623 800 747 884 estqui
769 801 874 882 posuit
896 805 999 866 metus

543 904 619 985 inp.
643 904 725 968 388:
750 927 806 969 rex
827 909 859 968 et
881 904 936 988 qui
959 906 1072 969 metuit
1094 903 1223 987 nihill³)

337 1004 395 1086 Hf.
422 1006 499 1071 522:
523 1007 664 1072 infernus
687 1009 751 1072 imo
774 1010 880 1073 sonuit
902 1031 919 1072 e
942 1008 1216 1095 fundofragor1⁴)

541 1112 618 1194 Try.
642 1113 724 1177 262:
748 1113 812 1176 imo
835 1115 939 1198 mugit
962 1136 978 1178 e
1001 1115 1100 1178 fundo
1122 1115 1225 1179 solnm

337 1213 395 1294 Hf.
419 1215 498 1280 330:
522 1216 595 1280 talis
617 1217 738 1281 incessu
762 1218 848 1282 venit

541 1321 657 1385 Troud.
682 1322 761 1386 465:
785 1323 858 1386 talis
881 1324 1004 1386 incessu
1026 1323 1090 1386 fuit

337 1423 395 1502 ΗΚ.
422 1427 520 1490 1189:
931 1426 990 1491 His
1013 1427 1117 1505 etiam,
1139 1431 1239 1508 pater,

543 1531 710 1613 qnisquam
734 1529 838 1594 timeri
859 1529 962 1595 maius
984 1535 1041 1593 aut
1063 1531 1192 1615 gravius
1213 1534 1340 1616 potest?

541 1633 612 1698 Oed.
625 1635 705 1697 828:
721 1635 840 1697 melum
852 1634 955 1699 timeri
962 1635 1065 1699 maius
1073 1635 1124 1698 his
1132 1636 1259 1719 aliquod
1270 1637 1404 1719 potest?

337 1737 395 1817 Hs.
423 1738 527 1801 1202:
551 1759 634 1803 nnnc
656 1742 748 1822 parte
770 1739 810 1802 ab
833 1738 929 1815 omni,
952 1740 1088 1822 genitor,
1112 1739 1211 1803 iratus
1234 1743 1309 1804 tona
1461 1732 1462 1788 i

540 1843 618 1923 Ttp.
645 1843 745 1907 1080:
770 1844 931 1908 committe
955 1849 986 1908 et
1008 1844 1094 1908 omni
1116 1847 1207 1926 parte
1223 1843 1404 1908 violentum

724 1947 834 2009 intona

337 2047 395 2126 Hf.
421 2048 503 2112 953:
527 2069 599 2131 quc,
623 2051 708 2123 nate,
731 2049 838 2112 vultus
861 2048 922 2112 huc
945 2055 977 2112 et
1000 2051 1061 2113 huc
1084 2073 1170 2115 acres
1192 2051 1291 2115 refers
1462 1976 1463 2068 i

542 2151 657 2216 Troad.
684 2153 785 2217 1092:
808 2175 865 2238 pro
898 2158 999 2232 turre,
1033 2154 1139 2219 vultus
1172 2156 1235 2219 hnc
1268 2159 1300 2218 et
1334 2154 1403 2220 huc
1463 2220 1464 2236 χ

746 2279 832 2322 acres
855 2259 930 2323 tulit

337 2358 397 2440 Hf.
425 2361 524 2425 1009:
548 2360 680 2446 Megara
703 2362 821 2426 furenti
844 2362 955 2427 similis
979 2384 995 2426 e
1019 2363 1149 2427 latebris
1171 2362 1256 2448 fugit

538 2464 656 2532 Pdoeu.
674 2467 754 2531 427:
777 2468 864 2530 vadit
879 2466 999 2530 furenti
1015 2467 1126 2531 similis
1142 2471 1197 2530 aut
1212 2468 1308 2531 etiam
1317 2466 1404 2533 furit

337 2569 396 2649 Hf.
422 2569 519 2636 1283:
544 2571 637 2636 fortis
660 2572 692 2635 in
717 2592 828 2654 pueros
851 2570 942 2634 modo
1172 2638 1178 2652 ,
1464 2577 1465 2586 ’

541 2674 658 2740 Troad.
683 2676 761 2741 755:
786 2675 879 2740 fortis
902 2676 934 2739 in
957 2675 1047 2758 pueri
1070 2696 1177 2739 necem

336 2778 395 2858 Hs.
423 2779 520 2843 1012:
543 2801 606 2862 quo
628 2783 742 2846 misera
763 2781 895 2864 pergis?

540 2883 658 2948 Ptced.
685 2885 760 2949 142:
784 2904 846 2966 qno
870 2885 983 2947 misera
1005 2883 1136 2965 pergis?

338 2986 456 3052 Phaed.
483 2987 558 3052 155:
756 2987 831 3070 quid
855 2985 909 3051 ille
933 2988 988 3070 qui
1010 2986 1162 3051 mundum
1185 2985 1288 3070 quatit

578 3092 708 3157 vibrans
730 3112 859 3156 corusca
882 3089 1002 3155 fulmen
1025 3090 1202 3156 Aetnaeum
1224 3113 1320 3156 manu

578 3200 665 3260 sutor
687 3198 844 3261 deorum?

481 3298 554 3365 Oed.
580 3301 683 3365 1028:
706 3322 769 3364 non
792 3303 819 3365 si
842 3302 908 3384 ipse
931 3302 1083 3366 mnndum
1107 3300 1266 3365 concitans
1289 3300 1402 3366 divum

664 3409 751 3470 sator
773 3427 900 3471 corusca
922 3427 1015 3471 saeva
1038 3405 1102 3469 tela
1123 3403 1277 3469 iaculetur
1300 3427 1402 3472 manu

338 3507 458 3575 Phaed.
484 3510 566 3574 258:
590 3511 714 3576 decreta
736 3533 819 3577 mors
842 3517 890 3575 est

539 3615 655 3680 Placen.
681 3615 762 3680 244:
787 3615 910 3679 decreta
932 3632 1016 3677 mors
1040 3615 1088 3675 est

336 3715 455 3782 Phaed.
480 3717 561 3782 525:
584 3737 647 3782 non
670 3717 814 3800 equidem
836 3738 907 3780 reor

542 3820 658 3886 Troud.
683 3820 765 3885 868:
788 3841 851 3884 non
875 3818 1020 3903 equidem
1042 3838 1113 3881 reor

338 3923 457 3990 Puaec.
484 3924 584 3990 1271:
609 3946 627 3988 ο
650 3924 816 4001 dimisis,
840 3923 1005 3987 numinum
1029 3942 1048 3985 ο
1071 3942 1181 3985 saevus
1204 3921 1292 3987 furor

541 4027 613 4094 θεά.
638 4028 697 4092 75;
720 4050 738 4092 ο
754 4049 847 4092 saeva
856 4026 991 4091 nimium
1002 4028 1141 4104 numine,
1155 4046 1173 4090 0
1185 4025 1286 4090 fetum
1298 4046 1401 4111 grave

340 4132 413 4199 Oed.
438 4132 516 4198 521:
540 4131 677 4199 mitteris
700 4131 805 4197 Erebo
828 4131 891 4195 vile
913 4152 970 4215 pro
994 4132 1115 4196 cunctis
1138 4135 1233 4214 eaput

537 4238 597 4320 Ap.
621 4238 702 4302 231:
725 4257 847 4322 oppone
871 4235 991 4301 cunctis
1014 4235 1076 4298 vile
1107 4234 1270 4318 suppliciis
1301 4240 1401 4317 caput

321 4381 355 4452 ¹³)
374 4383 491 4438 Versum
510 4381 614 4438 delevit
631 4381 686 4438 Leo
704 4382 758 4437 vol.
777 4381 804 4437 II
822 4401 849 4452 p.
868 4383 927 4438 251.
993 4379 1025 4449 ¹⁴)
1044 4377 1154 4434 Delevit
1172 4378 1226 4433 Leo
1244 4379 1271 4434 II
1288 4397 1316 4449 p.
1335 4379 1397 4435 375.
