2958 4952
824 297 866 361 50

273 473 374 538 Tacit.
399 495 470 538 ann.
503 471 624 538 X120:
664 472 747 536 inter
778 469 902 536 Mosam
936 471 1146 556 Rhenumque
1180 475 1275 538 trium
1307 478 1338 536 at
1366 476 1403 537 vi·
1453 561 1454 564 Ἴ

274 579 357 662 giuti
380 579 503 643 milium
526 582 627 662 spatio
652 577 766 643 fossam
791 576 937 660 perduxit
961 576 1015 659 (sc.
1033 575 1192 661 Corbulo),
1216 601 1279 662 qua
1300 580 1404 644 incerta
1453 585 1454 604 ¹

274 681 390 748 Oceani
414 688 607 748 vetarentur.

361 786 400 851 D.
425 787 574 853 Heinsius
598 787 715 872 aliique
738 809 834 872 aegre
856 788 1007 861 tulerunt,
1030 788 1115 871 quod
1129 787 1196 852 ΗΟ
1213 789 1299 852 1586
1315 788 1405 872 (quum

273 896 347 954 tuas
370 891 480 956 laudes
496 892 612 974 populi
634 890 809 974 quiescunt)
841 892 1022 973 quiescendi
1053 892 1185 956 verbum
1206 895 1405 957 accusativum

271 995 393 1078 recipit.
424 995 578 1060 Melzerus
609 996 691 1061 dixit
722 996 806 1081 apud
828 993 978 1060 Plautum
1006 1001 1037 1058 et
1067 997 1150 1079 apud
1174 996 1313 1061 Statium
1338 997 1405 1059 iden

273 1100 418 1177 inveniri,
442 1100 495 1163 aad
518 1099 661 1181 exempla
684 1119 747 1162 non
771 1100 880 1163 attulit
903 1098 1075 1183 Georgium
1098 1106 1232 1165 secutus.
1278 1101 1340 1165 loci
1361 1122 1406 1163 au·

272 1208 337 1268 tem
361 1204 503 1268 Plautini
525 1204 579 1288 qui
602 1204 665 1269 huc
687 1205 801 1269 referri
824 1204 956 1288 possint,
982 1225 1045 1268 non
1069 1207 1147 1269 satis
1163 1206 1331 1289 quadrant,
1347 1227 1406 1268 nam
1454 1199 1455 1212 ¹

272 1307 366 1373 Most.
385 1308 468 1372 1173
485 1308 532 1390 (tu
554 1311 674 1391 quiesce
696 1309 776 1373 hanc
798 1331 864 1374 rem
887 1309 975 1374 modo
994 1309 1114 1392 petere)
1137 1332 1199 1374 non
1223 1311 1407 1374 accusativus

272 1412 326 1476 sed
348 1412 524 1477 infinitivus
547 1414 697 1495 aquiesce
711 1414 827 1496 pendet
849 1419 880 1478 et
895 1413 963 1478 Mil.
981 1415 1025 1498 gl.
1042 1415 1104 1477 927
1129 1415 1286 1495 (quiescas
1310 1411 1407 1493 cetea)

271 1523 372 1582 cetero
394 1517 529 1583 fortasse
551 1518 691 1583 adverbii
714 1520 813 1584 vicem
842 1523 937 1583 tenet.
983 1519 1067 1600 apud
1096 1517 1233 1583 Statium
1262 1518 1408 1599 quiescere

272 1622 370 1686 semel
392 1622 493 1688 active
516 1625 654 1705 positum
677 1628 724 1688 est

349 1725 448 1791 Theb.
472 1724 519 1790 IV
541 1727 618 1792 432:
649 1726 701 1792 hic
723 1727 788 1792 late
811 1725 922 1792 iaculis
945 1729 1062 1792 circum
1085 1727 1222 1811 undique
1244 1726 1320 1791 fixis

591 1832 723 1898 effusam
737 1833 887 1917 pharetra
902 1855 968 1897 cer
978 1835 1017 1896 vi
1027 1855 1069 1897 ce
1081 1857 1113 1897 m
1129 1835 1261 1916 excepta
1275 1832 1406 1915 quiescit.

271 1937 391 2001 accedit
413 1938 497 2020 quod
519 1937 647 2003 Servius
670 1939 709 2001 ad
731 1938 827 2020 Verg.
852 1937 919 2002 Dal.
946 1939 1012 2016 8‚4
1034 1938 1181 2002 adnotat:
1211 1937 1337 2019 quiesco
1359 1935 1406 1998 du·

268 2042 383 2120 plicam
404 2042 497 2106 tabet
517 2043 796 2124 siqnificotioucm3
821 2043 966 2106 cialiter
988 2043 1057 2107 dico
1080 2044 1207 2124 quiesco
1229 2061 1282 2124 eqo
1308 2039 1406 2106 etali-

272 2149 319 2207 ter
341 2147 466 2226 quiesco
490 2165 623 2210 socam.

315 2248 380 2312 ΗΟ
403 2249 465 2312 087
490 2249 654 2333 (Deianira
677 2249 852 2334 alloquitur
874 2249 1040 2334 Hylluml:

531 2355 646 2439 ignave
669 2354 819 2420 dubitas?
850 2353 1020 2420 Herculem
1042 2355 1158 2438 eripuit
1180 2353 1240 2418 tibi

532 2460 618 2538 haec,
642 2459 720 2524 haec
741 2462 876 2543 peremit
899 2463 1011 2525 dextra
1033 2461 1083 2525 cui
1106 2461 1200 2524 debes
1222 2460 1310 2544 patri

532 2587 626 2629 avum
651 2562 836 2628 Tonantem.
869 2565 971 2630 maius
995 2566 1096 2647 eripui
1119 2567 1222 2642 decus,

533 2691 628 2752 quam
650 2669 684 2733 in
706 2670 776 2733 luce
799 2669 907 2734 tribui.
941 2672 969 2734 ai
991 2670 1051 2733 tibi
1072 2669 1219 2754 ignotum
1241 2672 1290 2732 est
1314 2667 1400 2742 nefas,

533 2795 552 2836 a
575 2778 675 2837 matre
697 2775 790 2839 disce.

270 2874 331 2940 hoc
353 2877 421 2940 loco
442 2878 478 2939 ia
500 2876 568 2940 lucc
590 2877 726 2940 tribuere
748 2876 832 2940 male
854 2899 912 2961 pro
931 2899 1048 2958 parere
1064 2877 1181 2943 dictum
1205 2899 1272 2942 esse
1287 2875 1407 2941 credidit

271 2981 353 3045 idem
377 2979 536 3046 Heinsius.
569 3001 670 3064 neque
686 2981 769 3046 enim
785 2982 865 3046 vidit
875 2980 1058 3047 Deianiram
1073 2981 1176 3047 verbis
1191 2983 1296 3046 maius
1312 2979 1407 3061 eripui

270 3083 363 3150 decus
387 3106 480 3166 quoru
501 3086 536 3149 in
560 3085 623 3149 luce
646 3086 746 3149 tribui
768 3107 832 3149 non
854 3087 887 3151 in
903 3088 1083 3150 universum
1100 3088 1196 3171 loqui,
1214 3088 1267 3150 sed
1283 3085 1406 3170 Hyllum

270 3190 468 3272 compellare.
510 3190 549 3253 ad
580 3191 686 3269 eripui
708 3193 740 3252 et
765 3191 865 3254 tridui
898 3211 1021 3274 semper
1044 3191 1252 3276 supplendum
1276 3195 1325 3254 est
1348 3189 1406 3254 tibi.

271 3294 380 3377 itaque
395 3293 563 3358 Deianirae
585 3295 681 3358 verba
696 3292 756 3358 hoc
779 3295 872 3360 modo
895 3296 1107 3380 intellegenda
1129 3300 1220 3360 sunt:
1242 3297 1344 3360 maius
1360 3296 1407 3358 do·

271 3421 346 3464 num
362 3421 447 3464 nunc
459 3399 519 3464 tibi
534 3400 635 3482 eripui
650 3421 745 3482 quam
762 3404 838 3464 tunc
849 3401 908 3465 tibi
920 3401 1017 3465 tribui
1033 3423 1103 3464 cum
1119 3406 1151 3466 te
1165 3403 1199 3465 in
1210 3402 1310 3466 lucem
1324 3399 1406 3466 edidi.

357 3504 421 3567 ΗΘ
444 3505 524 3568 517:
801 3509 869 3569 turn
892 3505 1021 3590 longum
1046 3507 1149 3570 ferens

442 3607 585 3671 harundo
608 3608 722 3672 vulnus
745 3609 848 3673 tenuit
870 3609 1052 3673 haerentem
1075 3610 1184 3692 fugam

444 3716 638 3793 mortemque
660 3711 739 3777 fixit.
1457 3719 1458 3734 ¹

265 3813 341 3896 fixit
362 3835 419 3896 pro
442 3815 552 3878 intulit
573 3820 758 3899 usurpatum
783 3816 821 3880 D.
844 3815 977 3879 Heinsio
1000 3816 1169 3900 displicuit.
1207 3819 1261 3882 sed
1282 3818 1405 3882 cultiora

267 3917 364 4000 pipere
387 3918 523 4002 legimus
546 3919 629 4002 apud
653 3918 831 3983 Martialem
856 3918 968 4002 (epigr.
994 3919 1010 3982 I
1034 3921 1084 3998 60,
1101 3921 1153 4004 4):

522 4023 587 4087 alta
610 4025 811 4088 iuvencorum
834 4025 963 4089 vulnera
986 4027 1065 4112 figet
1086 4026 1164 4090 ubi?

358 4122 431 4190 Non
454 4127 569 4192 iniuria
592 4127 629 4191 D.
654 4127 804 4193 Heinsius
837 4129 870 4194 in
893 4131 1054 4196 cohaesit
1077 4133 1160 4215 quod
1181 4152 1282 4214 penus
1306 4135 1405 4215 quater

270 4248 328 4311 pro
350 4247 464 4312 genere
486 4229 624 4295 humano
646 4233 783 4315 positum
807 4237 855 4297 est
880 4234 1214 4314 H063,760‚1810‚
1234 4235 1326 4301 1863.
1355 4233 1404 4298 hcc
