2958 4952
629 331 670 394 45

283 529 345 591 qua
367 505 486 588 templa
508 505 631 589 pollens
653 527 708 569 ara
730 504 845 570 (lenaei
866 505 950 572 Iovis

282 615 389 675 austro
412 611 586 675 timendum
611 615 731 692 spectat
753 611 930 677 Euboicum
952 635 1047 678 mare.

72 718 238 800 quaeritur
269 716 345 798 quid
368 715 429 779 sibi
458 715 558 779 velint
580 715 677 778 verba
705 716 822 796 templu
847 717 973 796 pollens
994 738 1063 782 ara.
1099 719 1221 785 Bittius

71 823 171 885 vertit
193 823 234 904 (p.
253 820 345 903 533);
370 819 423 884 der
440 819 535 884 Altar
557 821 685 884 vertritt
709 821 768 884 den
791 818 931 904 Tempel.
976 825 1095 888 utnon
1120 826 1223 890 solum

70 949 162 990 aram
185 926 238 989 sed
262 926 358 990 etiam
389 926 544 1008 templum
565 925 621 988 illo
643 925 711 989 looo
744 925 842 990 fuisse
865 926 929 990 iam
951 927 1095 993 vidimus.
1130 951 1222 1013 prac-

69 1037 160 1094 terea
182 1031 264 1094 hanc
286 1029 549 1114 significationem
571 1031 661 1093 verbi
683 1029 825 1113 pollendi
855 1053 1010 1114 nusquam
1033 1032 1110 1096 alibi
1132 1034 1222 1098 inva-

68 1135 186 1200 nimus.
211 1134 261 1199 bis
283 1140 407 1199 tantum
422 1135 541 1219 pollere
563 1136 645 1200 idem
670 1138 717 1198 est
740 1135 824 1218 quod
847 1136 960 1210 valere,
985 1140 1063 1200 went
1085 1139 1151 1202 sein
1167 1137 1221 1221 (cf.

69 1240 168 1322 Birt),
201 1263 275 1305 uam
298 1241 332 1303 in
355 1238 604 1325 Agamemnonis
627 1261 719 1303 versu
743 1241 806 1305 805
829 1246 940 1305 macta
956 1242 1083 1322 polleas
1102 1243 1221 1307 dictum

69 1349 119 1409 est
142 1365 201 1428 pro
223 1345 425 1426 omnipotens.
457 1344 553 1407 verba
576 1344 692 1425 templa
715 1344 827 1408 tollens
849 1366 910 1409 arc
931 1347 965 1408 iu
987 1348 1146 1413 codicibus
1169 1347 1221 1412 de-

68 1449 242 1514 terioribus
267 1449 324 1534 (A)
347 1449 465 1513 tradita
488 1471 613 1513 sensum
636 1470 698 1513 non
721 1448 882 1533 praebent.
919 1451 1033 1534 quibus
1057 1453 1094 1516 de
1117 1454 1219 1518 causis

67 1553 121 1617 hic
154 1553 241 1618 locus
275 1554 487 1618 emendandus
518 1558 575 1619 est.
605 1555 670 1618 iam
701 1575 784 1617 anno
806 1551 1009 1618 MDGXVIII
1031 1555 1218 1641 Rutgersius

69 1659 205 1723 coniecit
229 1658 282 1742 (cf.
299 1658 468 1723 Variacum
490 1659 662 1724 lectionum
684 1657 759 1721 libri
773 1656 821 1721 VI
843 1680 874 1739 p.
893 1657 947 1741 92)
970 1661 1086 1741 templa
1109 1661 1218 1726 tollens
1334 1665 1338 1672 '

67 1769 144 1828 acta
166 1761 353 1846 Sophoclem
379 1763 505 1847 (Trach.
521 1787 550 1828 v.
577 1765 652 1843 237)
675 1768 809 1827 secutus.
840 1763 978 1827 sednon
1006 1768 1089 1828 recte
1112 1767 1217 1829 conie-

68 1867 125 1944 cit,
149 1889 222 1931 nam
249 1869 334 1932 vocis
357 1873 455 1960 cotue,
484 1891 554 1933 cum
580 1872 662 1932 esset
685 1866 840 1932 Graecum
863 1868 994 1931 verbum
1018 1867 1110 1951 ἀκτή,
1143 1892 1218 1934 casu

69 1971 266 2036 nominativo
289 1971 424 2036 Romani
446 1993 509 2036 non
532 1973 711 2037 utebantur.
742 1973 851 2056 itaque
874 1972 1007 2036 fortasse
1030 1974 1089 2037 tibi
1111 1974 1216 2059 place·

66 2077 116 2139 bit
134 2076 309 2140 emendatio
324 2076 418 2142 haec:
435 2097 498 2158 qua
515 2077 630 2157 decuplo
644 2077 752 2142 tollens
767 2097 826 2141 oro
843 2075 956 2141 (lenaei
971 2072 1068 2140 Iocis.
1085 2098 1141 2143 ora
1154 2100 1217 2142 vox
1311 2154 1314 2160 Ι

66 2178 230 2243 simillima
245 2185 292 2266 est
308 2203 381 2245 arae
403 2184 435 2245 et
458 2182 575 2262 templu
590 2181 701 2246 tollens
724 2182 758 2244 iu
773 2182 804 2247 A
819 2182 972 2246 traditum
992 2182 1084 2246 facile
1099 2186 1216 2248 mutari

64 2288 193 2367 poterat
216 2287 249 2347 in
270 2285 385 2366 templo
404 2285 536 2366 pollens
567 2285 748 2350 conferendi
771 2289 876 2349 autem
898 2288 972 2349 sunt
994 2306 1101 2350 vorsus
1124 2285 1176 2350 hi:

155 2386 274 2452 Pbued.
292 2389 393 2454 1042:
420 2391 525 2472 opima
548 2389 652 2453 cervix
674 2390 788 2454 arduos
811 2389 897 2452 tollit
918 2395 1013 2466 toros,

156 2491 236 2557 Stat.
261 2492 338 2558 Silv.
361 2492 392 2557 V
415 2496 444 2571 2,
462 2495 521 2557 70:
545 2494 626 2558 silva
648 2514 752 2558 comas
775 2491 870 2571 tollit,

153 2596 212 2677 Hf.
237 2599 316 2662 662:
341 2597 498 2683 Spartana
520 2599 615 2662 tellus
638 2597 744 2662 nobile
766 2597 886 2661 attollit
907 2597 1027 2680 iugum,

155 2702 271 2767 Placen.
288 2703 366 2767 602:
390 2703 464 2768 binc
486 2708 562 2768 nota
585 2703 710 2767 Baccho
732 2702 864 2766 Tmolus
886 2701 1005 2767 attollit
1027 2701 1113 2785 iuga,

154 2805 215 2889 Ap.
234 2807 316 2872 729:
340 2809 565 2892 geminumque
588 2807 727 2890 duplices
752 2805 857 2891 Argos
881 2804 1001 2870 attollit
1023 2806 1144 2872 domus.
1170 2842 1214 2850 —

485 2912 623 2977 Transeo
646 2913 685 2976 ud

152 3014 217 3079 ΗΟ
235 3014 315 3080 746;
346 3039 445 3100 regna
466 3016 630 3101 triumphi,
664 3017 783 3100 templa
805 3014 934 3080 Iunonis
957 3018 1048 3098 pete:

279 3120 357 3184 haec
378 3122 438 3184 tibi
459 3125 578 3205 patent,
602 3121 732 3185 delubra
754 3119 918 3204 praeclusa
941 3121 1056 3183 omnia.

61 3224 163 3290 verba
184 3242 282 3303 repca
304 3225 469 3304 triumphi,
499 3225 702 3309 sequentibus
734 3225 863 3305 (templa
885 3223 1034 3306 Iunonis)
1059 3223 1212 3308 apposita,

60 3352 127 3394 non
155 3327 232 3392 scite
261 3327 346 3392 dicta
379 3333 453 3392 aunt
486 3350 544 3412 pro
578 3351 677 3411 repca
699 3331 754 3392 ubi
777 3327 860 3394 Iuno
884 3328 1068 3410 triumphat.
1092 3328 1212 3393 accedit

63 3433 151 3517 quod
165 3432 218 3498 hic
240 3454 359 3512 versus,
383 3454 454 3498 cum
477 3455 497 3498 o
519 3433 636 3497 vocalia
659 3435 746 3498 verbi
760 3452 860 3514 repca
874 3433 1028 3515 producta
1042 3433 1093 3509 sit,
1116 3453 1211 3515 prop·

62 3542 112 3602 ter
145 3542 282 3602 metrum
315 3559 440 3622 quoque
469 3542 632 3622 suspectus
659 3541 716 3602 est.
748 3536 799 3601 bis
830 3538 867 3601 de
902 3537 1004 3600 causis
1030 3535 1125 3599 Birtii
1156 3535 1211 3619 qui

58 3644 171 3725 pipcat
191 3643 346 3724 triumphi
368 3643 494 3725 scripsit
517 3642 560 3726 (p.
586 3639 662 3723 538)
688 3641 938 3706 emendationem
968 3640 1102 3723 accipio;
1135 3662 1210 3706 uam

63 3747 160 3810 ceteri
182 3747 243 3812 viri
265 3747 348 3811 docti
371 3749 455 3831 quod
488 3747 705 3825 coniecerunt,
739 3745 772 3810 id
799 3745 878 3810 mihi
900 3767 963 3810 non
986 3745 1208 3828 probaverunt.

63 3853 89 3914 si
112 3871 187 3914 vero
209 3852 326 3917 tradita
348 3853 445 3916 rerba
467 3854 603 3917 retinere
618 3850 729 3930 mavia,
753 3851 813 3915 tibi
828 3851 1057 3916 concedendum
1074 3855 1120 3915 est
1135 3850 1208 3915 bre·

62 3977 133 4020 vem
155 3955 293 4021 vocalem
316 3962 389 4021 ante
412 3957 489 4021 duas
512 3960 718 4023 consonantes
741 3977 873 4039 sequens
903 3956 1033 4019 verbum
1056 3953 1208 4018 incohanss

63 4062 109 4124 tea
133 4060 316 4144 productam
338 4083 414 4126 esse.
438 4067 564 4143 poetam
587 4067 693 4128 autem
716 4066 845 4144 propter
866 4061 926 4125 hoc
941 4058 1128 4143 reprebendi
1149 4079 1208 4124 no·

64 4163 128 4245 lim,
153 4165 227 4248 quia
250 4165 392 4250 exempla
413 4164 509 4229 huius
530 4167 576 4229 rei
599 4169 726 4231 exstant
748 4165 841 4229 haec:

148 4269 206 4350 Hf.
224 4271 307 4334 950:
330 4269 494 4354 hiemsque
516 4270 622 4355 gelido
645 4271 764 4355 frigido
787 4269 889 4352 spatio
911 4269 1017 4346 refert,

150 4374 270 4439 Plced.
288 4376 384 4440 1026:
407 4376 565 4459 immugit,
589 4396 697 4440 omnes
719 4375 857 4458 undique
872 4373 992 4458 scopuli
1007 4375 1204 4458 adstrepunt.
