2958 4952
649 298 689 362 51

74 493 222 555 prorsus
246 472 405 557 singulare
428 493 495 536 esse
510 471 719 548 concedimus,
742 473 825 555 quod
841 477 947 537 tamen
963 473 1163 539 excusatione
1178 495 1242 540 non

76 579 192 640 caret.
238 577 325 660 legas
348 575 465 640 Puaeu.
492 576 578 640 466:

270 680 407 764 providit
427 681 482 745 ille
504 681 660 744 maximus
683 682 792 746 mundi
814 703 938 764 parens,

268 806 338 850 cum
361 789 428 848 tam
450 805 578 866 rapaces
600 788 741 848 cerneret
763 783 835 848 Fati
857 807 978 864 manus,

268 896 304 956 01
326 891 440 954 damna
462 913 584 973 semper
606 891 716 955 subole
738 895 899 975 repararet
920 913 1009 955 nova.

269 996 399 1059 excedat
421 997 557 1078 agedum
578 996 671 1059 rebus
694 996 841 1059 humanis
865 996 983 1073 Venus,

268 1122 349 1183 quae
371 1099 555 1182 suppletae
578 1099 718 1163 restituit
741 1100 993 1165 exhaustum
1015 1122 1159 1186 genus:

267 1204 352 1270 orbis
374 1201 489 1267 iacebit
511 1202 656 1284 squalido
678 1204 780 1285 turpis
803 1204 876 1281 situ,

267 1330 400 1373 vacuum
423 1307 490 1371 sine
512 1306 587 1370 ullis
610 1306 748 1388 piscibus
772 1310 871 1372 stabit
893 1332 989 1388 mare,

267 1414 394 1496 alesque
416 1413 502 1476 caelo
526 1412 606 1476 derit
628 1415 660 1475 et
683 1412 770 1476 silvis
793 1414 860 1477 fera

267 1519 342 1582 solis
364 1521 396 1582 et
418 1539 471 1580 aer
493 1518 620 1600 pervius
643 1516 745 1580 ventis
768 1520 836 1582 erit.

77 1647 143 1707 pro
162 1622 364 1701 ‚exhaustum
376 1619 485 1704 genus'
501 1620 621 1684 codices
635 1619 804 1683 deteriores
818 1621 971 1704 praebent
986 1621 1169 1701 ‚humanum
1181 1643 1238 1706 ge-

77 1730 155 1794 nus'
170 1749 234 1792 non
246 1733 340 1804 recte,
356 1748 430 1790 nam
443 1747 542 1810 genus
557 1746 621 1788 non
634 1725 671 1788 de
684 1745 797 1806 genere
809 1725 948 1790 humano
963 1726 1040 1800 solu,
1056 1725 1110 1788 sed
1126 1727 1163 1790 de
1175 1748 1239 1790 om-

78 1834 185 1898 nibus
197 1831 386 1897 animalibus
401 1831 520 1894 dictum
536 1835 593 1907 est,
610 1829 693 1913 quod
706 1831 960 1913 exsequentibus
976 1831 1080 1894 verbis
1096 1835 1236 1914 apparet

80 1939 199 2022 itaque
217 1939 334 2003 Seneca
350 1935 495 2000 similiter
511 1940 606 2018 atque
618 1935 765 2000 Herculis
781 1934 890 2000 Oetaei
910 1940 1019 2000 auctor
1034 1937 1173 2018 peccavit
1183 1933 1237 2016 ⁸³).

177 2041 241 2107 ΗΟ
265 2041 368 2105 1883:
411 2040 484 2103 flete
507 2039 689 2118 Herculeos,
710 2041 859 2119 Arcades,
884 2041 1000 2117 obitus,

411 2145 552 2210 nondum
575 2143 701 2210 Phoebe
723 2151 872 2210 nascente
894 2167 1002 2231 genus.

79 2252 125 2316 D.
151 2251 302 2316 Heinsius
325 2251 505 2315 adnotavit:
530 2251 640 2326 ,nescit
657 2251 712 2330 (sc.
729 2251 835 2334 pocta)
858 2250 934 2334 quid
958 2250 1062 2314 dicat'.
1092 2251 1141 2314 vir
1164 2249 1238 2314 doc·

82 2357 231 2421 tissimus
246 2355 314 2437 ipse
329 2375 392 2418 non
413 2355 563 2438 cognovit
584 2352 728 2418 hocloco
744 2353 919 2418 ablativum
943 2352 1122 2418 absolutum
1145 2353 1237 2436 (uou-

83 2460 165 2524 dum
188 2459 310 2523 Phoebe
341 2457 497 2540 uasceute)
529 2479 545 2520 e
578 2458 775 2521 substantivo
808 2457 929 2540 (cauus)
961 2459 1149 2539 pendentem
1181 2458 1236 2520 ad-

80 2567 221 2628 missum
246 2585 322 2627 esse.
347 2584 443 2646 quarn
466 2562 505 2625 ad
528 2583 595 2626 rem
617 2562 703 2624 infra
724 2562 839 2626 redibit
855 2561 1028 2644 disputatio
1052 2561 1095 2644 (p.
1113 2560 1236 2644 54155).

177 2667 264 2744 Quae
281 2666 451 2731 uoebelius
467 2666 504 2729 de
520 2687 578 2729 usu
595 2665 740 2729 adiectivi
751 2665 915 2728 immeutcr
926 2663 1005 2726 dixit
1022 2655 1090 2746 (1.0.
1104 2687 1135 2746 p.
1149 2662 1236 2747 740),

80 2774 229 2837 refutata
252 2775 326 2834 sunt
349 2790 368 2833 a
390 2769 525 2833 Melzero
549 2793 578 2853 p.
604 2769 713 2853 31132.
1007 2815 1009 2820 2

177 2875 348 2939 Richterus
372 2875 453 2938 vidit
485 2874 544 2957 (de.
562 2871 592 2939 S.
610 2879 650 2938 tr.
668 2899 695 2939 a.
711 2897 742 2957 p.
760 2873 814 2958 25)
837 2873 903 2938 ΗΟ
929 2873 1012 2938 1861
1047 2892 1236 2954 quamquam

84 3001 155 3044 non
179 2981 218 3042 ad
241 2979 373 3042 verbum
396 2977 522 3042 finitum
545 2979 700 3043 accedere.
731 2978 814 3042 idem
837 2978 902 3043 ΗΟ
928 2978 1011 3042 1506
1034 2977 1103 3042 fieri
1125 2978 1235 3060 depre-

82 3082 200 3146 hendit
215 3083 276 3146 Leo
293 3081 366 3164 (lp.
382 3084 448 3164 62).
479 3105 643 3167 perperam
659 3088 765 3147 autem
788 3080 956 3148 Richterus
980 3082 1141 3148 contendit
1158 3081 1191 3164 (1.
1211 3104 1235 3145 s.

79 3190 160 3252 adn.
176 3185 207 3268 1)
225 3186 307 3250 solos
323 3189 510 3250 recentiores
523 3189 691 3271 scriptores
708 3191 739 3250 et
753 3191 863 3271 poetas
879 3188 924 3251 sic
938 3187 1060 3251 locutos
1075 3207 1150 3250 esse.
1172 3187 1237 3249 iam

83 3291 228 3374 Georges
251 3289 360 3354 attulit
382 3289 526 3372 exempla
548 3292 646 3355 haec:
677 3289 806 3356 Sallust.
830 3290 904 3354 hist.
920 3289 936 3354 I
952 3292 990 3354 fr.
1008 3291 1050 3354 48
1066 3291 1084 3372 ἓ
1101 3291 1137 3353 2:
1160 3311 1236 3354 uam

84 3396 202 3460 bellurn
218 3401 311 3477 01000
326 3415 426 3472 armo,
448 3415 641 3476 utrumquem
655 3395 741 3460 uobis
756 3395 873 3470 luniso,
898 3400 1002 3459 tamea
1019 3393 1234 3475 0010100010

80 3501 223 3580 placeat,
257 3497 415 3564 sumuudu
445 3501 519 3561 suut
552 3501 583 3560 01
612 3495 709 3561 Cicer.
738 3499 776 3562 de
804 3496 891 3562 finib.
915 3496 1051 3579 Vpussz
1086 3517 1141 3562 uec
1162 3517 1233 3562 uero

85 3626 236 3687 umquam
252 3624 409 3670 summum
425 3604 539 3668 bouum
552 3603 678 3682 assequi
689 3603 859 3683 quisquam
869 3607 990 3682 posset,
1007 3602 1038 3666 at
1050 3600 1233 3679 0010100110,

84 3714 371 3789 0000000100100,
395 3729 586 3790 quamquam
601 3708 785 3788 0000100010,
809 3726 929 3771 summo
946 3708 1023 3772 6000
1040 3708 1233 3771 0001100000-

84 3818 147 3877 tur.
171 3818 333 3897 praeterea
348 3814 471 3896 repperi
487 3811 583 3878 Statii
597 3812 682 3877 lcccs
697 3812 773 3875 hos:
797 3811 865 3877 silv
880 3810 929 3876 ΙΙΙ
946 3812 976 3889 3,
992 3812 1051 3892 70;
1066 3812 1098 3876 V
1109 3812 1139 3889 2,
1154 3809 1233 3884 103;

84 3916 769 3994 ’10016001182003001140
800 3914 945 3992 X1399;
971 3914 1035 3980 XII
1058 3916 1131 3992 206,
1156 3914 1229 3977 394.

173 4020 357 4085 Richterum
380 4021 412 4085 id
436 4043 560 4104 quoque
584 4023 714 4086 offendit
749 4022 833 4105 quod
862 4042 962 4104 90000
993 4027 1041 4084 ter
1075 4017 1152 4102 (HO
1177 4018 1230 4095 40,

87 4124 296 4207 1699‚1884)
319 4125 477 4188 00110000
500 4125 666 4208 significat.
698 4127 752 4190 sed
774 4125 855 4189 hanc
875 4123 1139 4208 significationem
1163 4144 1231 4187 sae-

86 4229 213 4311 pissime
234 4229 370 4295 inveniri
391 4229 475 4292 inter
498 4250 605 4294 omnes
629 4235 762 4295 constat.
795 4252 875 4312 quae
904 4223 1071 4302 Richterus
1101 4227 1231 4292 deloco

86 4336 217 4344 ᾖ

155 4367 189 4437 ⁸³)
208 4339 353 4422 {hesdrae
373 4368 465 4421 locum
485 4367 543 4420 iam
561 4366 709 4422 Richterus
731 4367 802 4422 vidit
820 4372 858 4438 (p.
880 4368 914 4421 26
933 4367 998 4420 adn.
1018 4367 1054 4434 1).

974 4452 1008 4506 4*
