2958 4952
623 291 665 355 36

51 464 233 542 trimetria,
268 487 338 530 oum
370 467 559 528 etiamnum
581 485 665 529 nuuc
688 470 720 529 et
738 469 870 545 propter
892 485 963 530 cnm
983 487 1032 532 me
1060 469 1093 530 in
1123 489 1218 534 unam

49 571 147 652 quasi
175 591 291 634 vocem
313 573 412 646 coeat,
436 569 595 634 excusatio
618 571 695 634 satis
719 591 874 652 superque
897 575 1009 653 parata
1033 573 1137 654 eat⁶³).

144 673 318 758 Perpauca
340 696 434 757 porro
459 674 496 738 do
518 674 772 757 interpunctione
794 673 925 738 dicenda
947 679 1029 738 sunt.
1060 675 1123 740 Leo
1139 678 1220 742 vidit

50 777 79 862 (l
104 801 140 861 p„
170 778 231 861 59)
267 780 333 844 ΗΘ
367 779 429 842 907
465 784 537 863 post
568 781 651 843 arsin
687 778 861 863 (Senkung)
891 781 1053 862 anapaesti
1081 783 1218 863 primum

46 883 205 947 trimetri
228 886 340 966 pedem
363 882 535 947 obtinentis
562 883 662 947 levem
688 883 972 967 interpunctionem
988 885 1125 967 positam
1139 907 1216 951 esse.

49 989 143 1070 quod
170 989 353 1052 cumidem
374 985 431 1066 Hs.
459 987 642 1065 51411111.
667 988 740 1065 426,
779 987 852 1052 0111.
876 987 938 1052 927
962 989 1168 1069 inveniamus,
1199 1015 1220 1056 a

49 1089 203 1156 Senecae
226 1098 296 1156 arte
318 1112 381 1155 non
403 1093 541 1155 alienum
564 1095 621 1156 est.

144 1195 192 1258 H
194 1197 221 1260 O
244 1196 323 1260 465:
348 1217 424 1278 quas
446 1197 569 1260 Pontus
591 1196 706 1260 herbas
728 1202 861 1281 generat
882 1202 938 1261 aut
960 1219 1039 1281 quas
1066 1197 1218 1264 Thessala

216 1301 275 1363 sub
297 1321 375 1384 rupe
397 1300 517 1366 Pindus
547 1302 627 1366 aluit
656 1302 714 1383 (sic
738 1301 798 1386 En:
828 1301 883 1366 ubi
909 1303 1067 1368 inveniam
1098 1305 1217 1369 malum

217 1407 267 1470 oui
290 1406 380 1470 cedat
401 1405 478 1470 ille?

53 1529 174 1574 versus
199 1509 263 1574 466
288 1509 355 1572 siue
378 1509 473 1573 dubio
496 1515 662 1594 corruptus
686 1515 752 1574 est:
775 1511 957 1593 interpolati
980 1511 1101 1576 codices
1124 1534 1215 1595 prae·

52 1613 136 1677 bent
160 1611 294 1677 Pindus
317 1619 373 1677 eut
402 1615 465 1692 cot,
500 1616 583 1697 quod
617 1615 711 1678 nihili
746 1621 801 1680 est.
841 1615 990 1698 Peiperns
1026 1616 1126 1680 editor
1159 1639 1217 1699 pro

56 1716 144 1780 aluit
176 1718 274 1782 scribi
296 1716 399 1781 voluit
427 1718 496 1783 1111.
536 1719 618 1784 hanc
649 1719 860 1784 coniecturam
890 1722 917 1783 si
946 1722 1115 1803 accipimus
1144 1725 1217 1802 post

54 1821 207 1884 solutam
229 1823 356 1886 tertiam
378 1823 483 1886 thesin
508 1821 672 1906 [Hebungl
696 1843 824 1907 gravem
846 1827 969 1887 exstare
984 1824 1217 1906 interpunctio·

57 1945 138 1988 nem
164 1926 257 1990 nobis
280 1928 512 1992 concedendum
535 1932 591 1992 est.
630 1929 714 2011 quod
738 1949 809 1992 oum
832 1925 934 1992 Birtio
957 1950 1020 1992 uon
1050 1927 1217 1992 tolerabile

55 2031 235 2108 videretur,
260 2032 391 2095 coniecit
414 2029 459 2114 (p.
477 2030 567 2114 537):
592 2031 732 2096 Pindus:
756 2032 817 2097 tole
839 2033 893 2096 1111
915 2055 940 2097 e.
966 2055 996 2116 q.
1022 2055 1046 2096 s.
1071 2053 1130 2117 ego
1141 2031 1215 2096 Pei-

59 2155 178 2216 perum
201 2136 291 2218 sequi
313 2135 432 2213 malim,
455 2158 530 2200 nam
553 2136 618 2200 vidi
640 2137 890 2220 Agamemnonis
913 2159 1036 2202 versum
1062 2136 1170 2220 (969):

223 2241 288 2305 En.
313 2239 396 2304 'Puto
418 2243 554 2324 quietus,
580 2263 677 2326 regna
699 2264 761 2306 non
779 2247 922 2306 metuens
937 2263 1036 2305 nova:

312 2346 413 2408 iustae
436 2346 561 2429 parenti
584 2349 688 2411 satis
714 2346 841 2412 OLYT.
866 2354 910 2412 at
932 2349 1032 2411 iratae
1054 2368 1177 2429 parum.

61 2445 143 2511 Post
182 2451 318 2533 primam
356 2450 461 2514 thesin
499 2450 635 2515 solutam
672 2454 883 2536 interpunctio
921 2451 1027 2535 gravis
1056 2451 1216 2513 invenitur

61 2551 144 2635 Thy.
172 2555 233 2635 393
255 2557 334 2620 levis
356 2554 414 2636 Hs:
440 2556 513 2633 504,
539 2556 655 2620 Troad.
681 2557 753 2634 607,
779 2554 962 2629 1111441,
987 2552 1105 2618 Pltned.
1120 2553 1214 2630 1180,

61 2658 143 2740 Apa.
170 2662 245 2738 660,
271 2660 348 2742 ray.
375 2661 468 2740 1089,
497 2661 560 2725 011.
586 2662 658 2725 146.

151 2763 219 2828 ΗΟ
243 2765 304 2830 981
328 2766 425 2849 vulgo
449 2765 586 2850 legitur:

258 2875 290 2934 11
312 2871 461 2954 quicquid
485 2871 570 2935 aliud
593 2871 728 2935 restitit:
751 2869 791 2932 ab
815 2868 881 2934 illis
903 2872 1019 2932 tamen.

62 2977 136 3051 post
158 2974 297 3058 priorem
320 2995 441 3040 moram
464 2978 595 3058 quartae
619 2975 718 3039 thesis
733 2974 855 3040 solutae
870 2973 1085 3059 interpunctio
1112 2976 1215 3036 exstat

63 3077 184 3155 gravis.
209 3079 304 3142 talem
328 3079 508 3143 trimetrum
532 3101 606 3143 sane
630 3079 801 3162 pessimum
818 3101 919 3163 neque
935 3078 1012 3142 alibi
1028 3079 1062 3140 in
1077 3074 1214 3139 Hercule

64 3175 186 3244 Oetaeo
208 3204 309 3266 neque
332 3184 366 3245 in
388 3183 519 3266 reliquis
543 3183 660 3248 fabulis
682 3183 796 3248 inveni.
822 3189 917 3266 atque
941 3205 1011 3247 cum
1033 3180 1214 3245 1111111111-

64 3283 132 3348 tino
152 3307 211 3368 pro
233 3287 348 3351 restitit
370 3286 521 3350 traditum
544 3289 587 3350 sit
610 3289 710 3367 111111,
733 3289 765 3351 in
786 3287 955 3370 propatulo
978 3290 1026 3348 est
1047 3305 1173 3348 versum
1196 3305 1215 3344 a

64 3396 158 3468 poeta
182 3389 273 3455 aliter
296 3391 449 3474 scriptum
472 3413 548 3456 esse.
572 3391 634 3456 lieo
656 3396 733 3455 tunc
748 3414 819 3456 cum
834 3392 919 3454 hunc
934 3390 1038 3453 locum
1054 3386 1212 3464 tractavit,

66 3490 103 3556 de
125 3497 268 3560 virorum
284 3496 448 3561 doctorum
477 3496 665 3560 coniecturis
687 3497 837 3560 iudicavit
860 3494 933 3578 (lp.
951 3492 1024 3576 59):
1060 3491 1214 3573 quidquid

65 3604 218 3664 tentatum
250 3605 304 3679 est,
335 3601 452 3683 1111911
474 3601 625 3665 Minerua
656 3607 809 3665 tentatum
837 3605 888 3666 est.
926 3622 1017 3665 nosse
1045 3599 1128 3662 enim
1151 3615 1213 3658 non

66 3705 171 3780 potuit
193 3703 288 3768 Birtii
322 3703 376 3786 qui
408 3707 502 3769 cessit
531 3705 663 3768 imbellis
692 3704 768 3768 scite
801 3706 932 3770 coniecit
955 3703 1211 3775 emendationem,

69 3804 104 3868 de
127 3831 190 3892 qna
213 3807 380 3874 Tachavus
404 3809 484 3873 dixit
508 3807 638 3890 (Philol.
662 3810 703 3872 48
727 3831 757 3892 p.
776 3808 866 3892 746):
892 3809 942 3872 die
965 3805 1109 3870 endliohe
1131 3802 1210 3866 Hei·

68 3904 151 3998 lung.
170 3914 224 3977 der
246 3913 305 3978 mit
328 3910 430 3976 vielen
453 3913 675 3997 Konjekturen
696 3912 889 3998 begltickten
912 3911 1017 3976 Stella.

154 4016 240 4082 Ante
262 4016 411 4081 ultimum
434 4017 549 4081 senarii
578 4018 689 4102 pedem
717 4018 818 4081 levem
840 4015 1126 4100 interpunctionem
1148 4029 1212 4073 cre·

138 4205 173 4274 ⁶³)
191 4205 291 4273 Itaque
303 4208 389 4274 paulo
408 4205 544 4260 maiorem
558 4223 642 4273 quam
657 4207 762 4261 Seneca
775 4206 920 4260 licentiam
936 4204 990 4257 sibi
1008 4200 1145 4256 concessit
1156 4201 1212 4252 Au-

75 4276 176 4340 sonius,
195 4293 278 4344 quem
298 4278 419 4346 exempli
437 4293 523 4330 causa
541 4277 634 4342 affero,
653 4277 683 4329 in
701 4277 755 4330 hoo
773 4278 882 4330 senario
901 4275 998 4344 (epigr.
1016 4273 1078 4341 48):

277 4362 325 4399 cor
342 4363 407 4418 ergo
426 4363 530 4411 versus,
550 4345 636 4400 immo
654 4347 776 4401 Rufus
804 4345 991 4400 nonhabet.

962 4433 1005 4488 3*
