2958 4952
81 537 161 600 quae
184 517 376 582 Schmidtius
400 515 443 601 (p.
468 516 509 579 25
524 515 585 599 sq.)
610 515 829 598 composuerit,
853 515 933 578 dixit
955 512 1018 578 Leo
1043 513 1079 598 (Ι.
1103 537 1134 598 p.
1162 514 1226 598 60).

80 623 133 686 sed
164 623 223 686 hoc
255 622 382 686 omnino
406 641 516 684 verum
538 641 602 683 non
632 624 785 696 aetnam
815 617 992 682 differentia
1014 619 1103 684 nulla
1125 626 1228 687 exstat

76 727 137 790 nisi
162 727 254 790 haec:
282 726 388 810 ,longa
410 725 530 790 vocalis
551 748 623 790 cum
646 725 734 789 brevi
757 724 904 808 copulata
926 724 977 788 his
1005 728 1038 791 in
1056 728 1228 812 tragoediis

77 831 176 894 semel
203 835 328 895 tantum
363 829 624 913 1111611111(Ηο
648 830 731 894 1956
755 828 945 912 66116696).
986 827 1134 894 Senecam
1157 854 1228 898 curn

76 937 108 999 in
140 936 251 998 metris
281 935 389 1019 lyricis
421 935 516 998 etiam
553 934 714 998 lenissimo
751 937 847 1016 atque
877 933 1083 998 usitatissimo
1113 957 1228 1021 genere

76 1040 369 1124 coniungendarum
393 1039 548 1103 vocalium
571 1039 751 1116 abstineret,
774 1036 924 1102 hocloco
948 1038 1045 1104 semel
1066 1041 1227 1104 licentiam

76 1145 137 1209 sibi
167 1144 346 1228 permisisse
377 1144 608 1208 concedendum
639 1148 694 1208 est.
742 1147 810 1206 esto
840 1143 940 1226 igitur
970 1143 1031 1207 hoc
1053 1145 1228 1229 singulare,

76 1250 128 1313 sed
153 1250 249 1314 etiam
271 1250 303 1313 in
328 1250 438 1314 ceteris
463 1249 633 1332 tragoediis
665 1246 816 1312 nonnulla
844 1267 941 1330 aeque
973 1247 1148 1331 singularia
1177 1249 1227 1313 in·

75 1355 261 1428 veniuntur3
284 1356 355 1419 vide
379 1354 495 1418 Trood.
522 1355 594 1433 191,
630 1353 708 1434 Thy.
732 1354 805 1430 233,
838 1350 954 1416 Placen.
979 1352 1053 1430 426,
1077 1354 1135 1436 Ay.
1162 1356 1225 1419 146

76 1457 128 1540 (cf.
153 1457 302 1522 Schmidt
323 1481 353 1541 p.
380 1460 420 1521 12
437 1460 509 1542 sp).

161 1561 201 1626 R.
214 1562 378 1628 Bentleius
395 1563 558 1647 (opuscula
573 1561 776 1645 philologiae,
792 1561 916 1644 Lipsiae
931 1585 958 1624 a.
974 1561 1055 1625 1781
1069 1583 1100 1643 p.
1115 1563 1178 1626 232
1195 1567 1226 1626 et

73 1686 104 1746 p.
138 1663 297 1750 228l229)
329 1671 553 1751 argumentum
585 1687 652 1730 esse
683 1665 795 1742 voluit,
829 1665 913 1748 quod
935 1686 1169 1748 nonnumquam
1193 1667 1226 1730 in

73 1769 211 1837 Hercule
234 1768 351 1834 Oetaeo
375 1773 610 1854 anapaestionm
626 1791 752 1834 versum
773 1768 933 1833 tribracho
950 1771 1112 1833 terminari
1134 1769 1223 1833 vidit.

75 1879 109 1936 at
132 1877 160 1938 si
181 1898 265 1939 nunc
288 1877 418 1952 viveret,
440 1874 502 1938 hoc
524 1896 587 1938 uon
609 1874 775 1957 proferret.
801 1874 895 1939 sciret
911 1874 994 1938 enim
1009 1871 1224 1958 Agamemno-

74 1999 146 2044 nem
169 1978 324 2056 fabulam‚
348 2001 444 2063 quam
468 1979 576 2044 eodem
600 1977 729 2063 vitio⁶⁷)
752 1977 896 2043 laborare
919 1980 986 2061 ipse
1009 1977 1223 2061 deprehendit,

73 2104 91 2144 a
114 2082 234 2147 Seneca
257 2085 408 2166 scriptam
431 2104 507 2148 esse.

161 2186 330 2252 Goebelius
355 2189 389 2272 (l.
406 2211 430 2253 6.
448 2212 478 2272 p.
497 2188 572 2271 740)
598 2211 692 2273 aegre
715 2190 799 2265 tulit,
833 2189 916 2271 quod
939 2187 1005 2252 ΗΟ
1030 2187 1114 2252 1060
1145 2186 1223 2268 phe-

71 2297 230 2356 recrateus
253 2293 395 2357 versibus
418 2292 580 2378 glycoueis
601 2295 738 2358 insertus
762 2299 818 2358 est.
864 2293 978 2355 sinon
1001 2293 1078 2356 satis
1102 2297 1224 2356 consta·

71 2399 121 2458 ret
134 2395 218 2458 huno
229 2417 354 2460 versum
367 2397 533 2460 delendum
546 2419 623 2474 esse,
635 2397 781 2462 afferrem
793 2397 954 2461 Phaedrae
964 2398 1067 2461 locum
1081 2397 1122 2480 (v.
1137 2397 1223 2481 783),

71 2519 134 2580 quo
158 2520 267 2562 versus
290 2500 461 2583 glyconeus
484 2501 568 2564 intra
590 2506 728 2583 systema
751 2502 981 2584 asclepiadeum
1004 2500 1163 2582 exstat⁶⁸).

159 2601 198 2666 In
221 2609 426 2687 anapaestum
453 2609 544 2669 terna
575 2606 728 2670 vocabula
759 2627 889 2687 perraro
918 2606 1054 2670 admissa
1084 2602 1222 2686 sunt⁶⁰)‚

71 2705 136 2771 ΗΟ
165 2708 228 2771 173
262 2707 552 2791 (6169611061),
586 2709 646 2772 186
678 2709 741 2790 (vel
762 2709 796 2772 in
818 2709 985 2791 Eridani),
1019 2708 1078 2772 191
1105 2708 1165 2789 (vel
1187 2709 1222 2772 in

71 2807 232 2894 Edonas),
255 2812 334 2894 Try.
352 2813 414 2876 827
431 2813 597 2894 (quidquid
611 2813 646 2877 id
661 2814 729 2898 est),
746 2814 809 2879 963
827 2812 992 2898 (quidquid
1013 2814 1050 2877 id
1071 2811 1137 2895 est),
1161 2811 1221 2892 Hf.

73 2916 157 2982 1090
175 2918 244 2998 (sed
259 2922 293 2980 nt
307 2916 443 3000 01961111)
454 2915 504 2998 ⁷⁰),
522 2917 607 2982 Med.
626 2917 688 2982 815
705 2918 811 3000 (utque
827 2917 932 2983 eadem
947 2915 1018 3002 est).
1044 2917 1221 2982 differentia

69 3021 169 3105 igitur
191 3044 271 3105 quae
287 3021 473 3087 Richterum
495 3023 626 3086 offendit
650 3021 710 3104 (de.
735 3020 766 3086 S.
790 3026 829 3088 tr.
847 3046 875 3087 a.
893 3045 923 3105 p.
940 3021 994 3104 23)
1018 3044 1080 3086 uon
1103 3023 1200 3088 adest.

157 3126 196 3190 In
225 3127 432 3209 anapaesticis
463 3127 605 3190 versibus
639 3127 770 3190 verbum
802 3128 989 3210 dactylicum
1020 3129 1053 3190 in
1086 3128 1222 3192 secunda

70 3228 195 3312 syllaba
218 3233 346 3293 acutum
369 3228 438 3292 voci
468 3231 685 3312 anapaesticae
713 3237 903 3314 anteponere
932 3230 1007 3296 boni
1029 3234 1140 3314 poetae
1162 3253 1219 3296 no·

69 3333 208 3398 luerunt.
238 3334 317 3398 haec
339 3333 390 3397 lex
415 3334 461 3396 bis
484 3334 517 3396 in
539 3334 603 3397 ΗΟ
627 3333 703 3418 (186
722 3335 833 3416 finpr'te
857 3336 975 3415 superi,
1008 3335 1092 3399 1883
1115 3335 1219 3399 Arco-

70 3437 278 3521 desotatae),
314 3437 411 3501 semel
443 3437 477 3500 in
498 3434 1218 3523 ΗῘ.(1064661611661111611)0618111101.

71 3539 131 3606 Leo
155 3541 171 3606 Ι
193 3565 222 3626 p.
250 3539 315 3626 60).

157 3645 222 3710 ΗΘ
246 3646 325 3710 151.-
347 3647 448 3711 aalb'a
469 3645 650 3709 vulnothus
667 3648 782 3726 pervia
797 3647 934 3713 membra
957 3653 1042 3725 suat,
1066 3647 1219 3732 asclepia·

71 3747 164 3814 deum
179 3771 305 3814 versum
320 3751 538 3836 monosyllabo
554 3751 757 3817 terminatum
772 3753 965 3836 vituperavit
979 3752 1042 3817 Leo
1059 3749 1088 3834 (l
1104 3775 1134 3836 p.
1152 3751 1217 3835 60).

71 3855 125 3918 sed
146 3855 235 3939 legas
257 3852 384 3919 Horatii
403 3877 512 3920 versus
536 3856 573 3941 (c.
590 3853 637 3920 IV
654 3857 704 3934 13,
723 3857 787 3921 161
811 3857 859 3942 6);

139 3998 273 4081 ’086116
291 4016 349 4051 rem
367 4015 480 4053 revera
498 4000 598 4080 vitium
618 4016 685 4063 6666,
706 4018 768 4053 eum
787 4001 890 4056 ultima
909 4002 1020 4070 syllaba
1038 4017 1132 4055 versus
1152 4017 1217 4054 aua-

71 4069 557 4219 mittianiiliiptiieidiihiutbhlti
564 4071 995 4220 (ibiibdiidieridnniitiipoeiiriiidhs
1014 4143 1088 4204 erat;
1109 4140 1218 4196 accedit

72 4208 144 4272 quod
164 4211 194 4262 in
214 4209 236 4261 ll
254 4212 365 4277 integer
382 4209 534 4279 glyooueus
552 4211 740 4265 tradituseet.

70 4342 126 4400 tius
139 4278 173 4414 ‘’(01)
192 4276 330 4418 fixam&
348 4280 417 4334 haec
435 4281 547 4349 praeter
565 4279 641 4345 quod
658 4281 688 4334 in
700 4280 800 4334 Medea
818 4283 911 4335 exstat
928 4280 986 4334 iam
1005 4279 1078 4336 vidit
1090 4279 1217 4335 Schmid-

141 4389 175 4487 70)
193 4366 343 4474 Hiilocus
362 4437 418 4475 non
436 4419 627 4474 emendandus
645 4424 694 4475 est.
