2958 4952
837 305 877 368 10

284 478 350 542 nim
373 476 476 541 Ireben
501 480 565 542 und
588 475 708 540 Werke
731 477 784 541 des
814 476 875 542 Dio
908 499 968 541 von
993 478 1092 542 Prusa
1115 501 1144 561 p.
1169 481 1232 544 416
1256 502 1325 564 sqq.
1357 482 1432 546 haec

283 583 389 648 omnia
412 582 439 644 si
462 581 567 645 animo
590 580 844 662 complectemur,
868 582 964 645 etiam
982 583 1116 649 Senecae
1132 586 1302 649 eorundem
1316 587 1430 650 verbo·

284 709 353 752 rum
375 688 576 751 iterationem
599 685 832 769 indulgebimus
840 683 888 768 18).

370 791 615 872 Nonnumquam
629 797 734 854 autem
750 790 853 854 verbis
864 794 980 856 iterum
992 793 1152 875 usurpatis
1168 793 1287 877 aliquid
1303 795 1432 859 durius·

283 895 346 959 culi
368 896 418 958 vel
437 895 562 960 obscuri
585 899 616 957 et
632 895 768 958 contorti
783 894 944 959 inhaerere
961 897 1107 960 dixerunt
1123 895 1161 962 D.
1178 897 1339 976 Heinsius,
1359 898 1432 974 Leo,

282 999 422 1077 Birtius,
456 999 630 1063 Techavus.
663 1002 758 1082 atque
790 1000 939 1064 Heinsius
970 999 1066 1083 (apud
1094 998 1271 1065 Scriverum
1293 1023 1325 1084 p.
1352 1002 1431 1084 346)

282 1102 429 1168 Herculis
453 1101 562 1168 Oetaei
585 1125 693 1167 versus
718 1101 855 1187 661s62:

577 1228 634 1271 neo
655 1207 858 1290 gemmiferas
881 1208 1019 1271 detrahit
1042 1229 1132 1273 aures

577 1311 658 1394 lapis
681 1310 749 1376 an
770 1311 870 1376 lectus
892 1313 926 1375 in
948 1311 1033 1374 unda

282 1416 406 1481 rettulit
428 1418 467 1481 ad
489 1414 608 1480 Pdued.
633 1417 714 1478 391:

827 1540 884 1583 neo
904 1521 1013 1584 niveus
1036 1520 1118 1603 lapis

491 1625 625 1689 deducat
649 1624 744 1700 auris,
767 1622 868 1687 Indici
891 1625 1007 1688 donum
1030 1625 1136 1688 maris.

282 1732 414 1798 credidit
436 1729 519 1794 enim
542 1729 677 1793 detrahit
700 1727 778 1810 (ΗΟ
801 1728 877 1811 661)
907 1727 1014 1811 inepte
1043 1750 1101 1813 pro
1133 1729 1260 1793 deducit
1287 1730 1433 1812 positum
1458 1747 1459 1750 ’

283 1860 358 1902 esse.
391 1837 474 1899 idem
497 1834 689 1914 vituperavit
721 1831 784 1896 Leo
818 1832 861 1916 (p.
886 1833 927 1897 50
951 1833 1022 1896 adn.
1047 1831 1090 1915 2),
1124 1832 1180 1915 qui
1214 1855 1285 1896 cum
1318 1855 1433 1898 versus

283 1939 409 2006 1-740
425 1939 578 2020 genuinos
594 1940 783 2013 aestimaret,
807 1938 891 2002 hunc
905 1938 1009 2001 locum
1025 1961 1044 2001 a
1060 1937 1177 2003 Seneca
1192 1959 1259 2000 esse
1274 1939 1433 2020 scriptum

280 2046 348 2128 ipse
363 2041 582 2108 contendebat.
610 2046 706 2124 atque
722 2063 912 2124 quamquam
929 2061 1025 2104 aures
1040 2041 1187 2105 deducere
1203 2042 1298 2123 paulo
1313 2043 1433 2107 melius
1459 2067 1460 2080 ¹

280 2149 400 2215 dictum
417 2152 464 2212 est
479 2169 575 2231 quam
591 2166 686 2210 aures
702 2145 870 2222 detrudere,
895 2150 1001 2209 tamen
1015 2144 1075 2208 hoc
1096 2146 1222 2208 nonita
1237 2167 1330 2229 aegre
1346 2147 1432 2211 fere·

280 2275 359 2332 mus,
372 2258 408 2317 ut
419 2255 641 2336 argumentum
652 2254 760 2315 contra
769 2250 897 2313 fabulae
906 2252 1123 2314 auctoritatem
1134 2271 1201 2313 esso
1210 2252 1430 2315 concedamus.

367 2357 464 2422 Plura
494 2357 557 2421 Leo
585 2357 719 2439 protulit
751 2354 779 2437 (l
801 2378 832 2439 p.
857 2357 896 2420 51
921 2357 1015 2439 sqq),
1046 2356 1099 2418 sed
1129 2376 1303 2438 numquam
1332 2360 1430 2419 recte.

281 2483 471 2545 quamquam
495 2465 558 2526 iam
573 2460 728 2525 Melzerus
745 2465 931 2545 argumenta
947 2462 1013 2524 eius
1029 2460 1147 2524 diluere
1164 2459 1286 2524 studuit
1302 2459 1346 2542 (p.
1363 2457 1431 2541 22),
1460 2472 1461 2536 l

280 2570 385 2630 tamen
407 2587 478 2630 oum
501 2587 601 2650 paene
624 2586 779 2648 nusquam
795 2566 872 2630 satis
888 2569 1033 2630 accurate
1055 2565 1291 2642 contradixerit,
1319 2563 1432 2648 aliqua

280 2669 358 2735 mihi
374 2673 466 2732 eruut
489 2670 639 2733 addenda.
662 2692 771 2734 versus
788 2669 866 2750 (ΗΟ
882 2671 996 2754 104811

615 2775 775 2857 abrumpit
798 2774 943 2856 scopulos
965 2775 1069 2838 Athos

614 2877 785 2941 Centauros
808 2879 911 2940 obiter
934 2878 1038 2941 ferens

280 2981 374 3045 facile
395 2981 539 3065 intellegi
560 2986 704 3065 possunt,
728 3005 801 3045 nam
825 2983 1011 3045 vertendum
1034 2987 1096 3046 est:
1120 2979 1185 3045 Der
1207 2979 1311 3044 Athos
1334 2981 1431 3045 reisst

279 3085 392 3150 Felsen
426 3085 476 3164 ab,
512 3087 570 3150 auf
599 3086 698 3151 denen
733 3109 766 3150 er
795 3087 875 3150 oben
900 3085 1075 3152 Centauren
1097 3091 1193 3171 tr'dgt.
1238 3083 1294 3148 alii
1315 3092 1430 3168 poetae

279 3187 426 3253 similiter
448 3189 546 3254 locuti
568 3196 642 3256 sunt
665 3192 705 3256 ef.
722 3190 889 3255 Claudiani
913 3189 1154 3275 Gigantomach.
1180 3188 1289 3254 Graec.
1312 3212 1341 3252 v.
1366 3191 1428 3255 59:

406 3290 598 3376 Ἐγκέλαδος
622 3292 649 3359 δ’
671 3298 707 3360 οὐ
730 3296 809 3379 λῆγε
833 3295 944 3378 μάχης,
969 3296 1028 3358 ἀνὰ
1044 3293 1071 3358 δ’
1093 3296 1214 3377 ἥρπασε
1236 3304 1329 3377 νῆσον

405 3399 570 3482 πρόρῤιζσν
592 3400 754 3464 πολέεσσιν
779 3400 972 3484 ἐρειδομένην
996 3399 1117 3483 ὀρὲεσσι

405 3525 433 3568 u.
458 3505 499 3568 65
524 3554 857 3572 ...........
883 3507 914 3569 ἐν
938 3505 972 3568 δέ
994 3526 1028 3566 τε
1051 3503 1135 3587 νήσῳ

407 3605 535 3688 δένδρεα
557 3611 611 3672 καὶ
634 3612 766 3692 πσταμσί
789 3609 886 3693 θῆρές
910 3607 1010 3672 secar
1034 3606 1155 3688 ὄρνιθές
1171 3628 1214 3673 τε.

279 3715 311 3774 et
332 3711 472 3796 Apollin.
498 3711 603 3778 Sidon.
628 3735 653 3778 o.
678 3712 733 3790 IX,
758 3714 818 3776 88:

524 3819 592 3884 Nec
616 3817 748 3900 Flegrae
770 3815 850 3902 legis
872 3816 1023 3901 ampliata
1045 3837 1130 3894 rura,

522 3922 610 3986 missi
633 3923 706 3988 dum
729 3921 865 3987 volitant
886 3943 942 4006 per
965 3925 1049 3985 astra
1072 3926 1193 3987 montes

522 4025 651 4104 Pindus,
677 4025 794 4105 Pelion,
819 4025 908 4104 Ossa,
934 4023 1097 4111 Olympus,
1120 4024 1239 4109 Othrys

520 4153 591 4196 cunr
615 4129 712 4208 silvis,
737 4130 898 4216 gregibus,
922 4129 1006 4210 feris,
1030 4133 1152 4215 pruinis

280 4249 354 4258 ——.

351 4251 385 4354 ¹⁸⁵)
403 4251 514 4340 Addere
520 4253 533 4258 -
544 4251 652 4339 olerum
666 4283 695 4338 in
707 4285 902 4355 Aristophanis
914 4285 1014 4356 Vespie
1027 4283 1188 4356 (loeo-36)
1204 4284 1315 4338 eosdem
1329 4299 1426 4338 versus

279 4359 395 4420 exstare,
418 4355 513 4422 quiin
557 4355 770 4426 1111112111.)
789 4357 926 4427 leguntur.
