<?xml version="1.0" encoding="UTF-8"?>
<!DOCTYPE html PUBLIC "-//W3C//DTD XHTML 1.0 Transitional//EN"
    "http://www.w3.org/TR/xhtml1/DTD/xhtml1-transitional.dtd">
<html xmlns="http://www.w3.org/1999/xhtml" xml:lang="en" lang="en">
 <head>
  <title>
</title>
<meta http-equiv="Content-Type" content="text/html;charset=utf-8" />
  <meta name='ocr-system' content='tesseract 3.04.00' />
  <meta name='ocr-capabilities' content='ocr_page ocr_carea ocr_par ocr_line ocrx_word'/>
</head>
<body>
  <div class='ocr_page' id='page_1' title='image "./desenecaehercul00ackegoog_0014.png"; bbox 0 0 2958 4952; ppageno 0'>
   <div class='ocr_carea' id='block_1_1' title="bbox 651 300 690 365">
    <p class='ocr_par' dir='ltr' id='par_1_1' title="bbox 651 300 690 365">
     <span class='ocr_line' id='line_1_1' title="bbox 651 300 690 365; baseline -0.026 0"><span class='ocrx_word' id='word_1_1' title='bbox 651 300 690 365; x_wconf 94' lang='grc'>11</span> 
     </span>
    </p>
   </div>
   <div class='ocr_carea' id='block_1_2' title="bbox 96 473 1284 4091">
    <p class='ocr_par' dir='ltr' id='par_1_2' title="bbox 96 473 1284 4091">
     <span class='ocr_line' id='line_1_2' title="bbox 339 473 877 557; baseline 0.004 -19"><span class='ocrx_word' id='word_1_2' title='bbox 339 473 433 550; x_wconf 78' lang='lat' dir='ltr'>saxis,</span> <span class='ocrx_word' id='word_1_3' title='bbox 458 473 609 551; x_wconf 86' lang='lat' dir='ltr'>fontibus,</span> <span class='ocrx_word' id='word_1_4' title='bbox 634 473 757 557; x_wconf 82' lang='lat' dir='ltr'>oppidis</span> <span class='ocrx_word' id='word_1_5' title='bbox 779 475 877 540; x_wconf 80' lang='lat' dir='ltr'>levati</span> 
     </span>
     <span class='ocr_line' id='line_1_3' title="bbox 340 577 872 662; baseline 0.008 -21"><span class='ocrx_word' id='word_1_6' title='bbox 340 577 520 643; x_wconf 76' lang='lat' dir='ltr'>vibrantum</span> <span class='ocrx_word' id='word_1_7' title='bbox 543 578 729 662; x_wconf 75' lang='lat' dir='ltr'>spatiosiore</span> <span class='ocrx_word' id='word_1_8' title='bbox 752 579 872 645; x_wconf 86' lang='lat' dir='ltr'>dextra.</span> 
     </span>
     <span class='ocr_line' id='line_1_4' title="bbox 183 681 975 749; baseline 0.004 -3"><span class='ocrx_word' id='word_1_9' title='bbox 183 682 235 747; x_wconf 87' lang='lat' dir='ltr'>Ad</span> <span class='ocrx_word' id='word_1_10' title='bbox 256 681 321 746; x_wconf 88' lang='grc' dir='ltr'>ΗΟ</span> <span class='ocrx_word' id='word_1_11' title='bbox 347 682 444 748; x_wconf 84' lang='lat'>1293:</span> <span class='ocrx_word' id='word_1_12' title='bbox 619 684 702 748; x_wconf 92' lang='lat' dir='ltr'>inter</span> <span class='ocrx_word' id='word_1_13' title='bbox 724 681 865 748; x_wconf 86' lang='lat' dir='ltr'>infernos</span> <span class='ocrx_word' id='word_1_14' title='bbox 887 685 975 749; x_wconf 90' lang='lat' dir='ltr'>lacus</span> 
     </span>
     <span class='ocr_line' id='line_1_5' title="bbox 338 788 1001 871; baseline 0.003 -19"><span class='ocrx_word' id='word_1_15' title='bbox 338 809 499 871; x_wconf 86' lang='lat' dir='ltr'>possessus</span> <span class='ocrx_word' id='word_1_16' title='bbox 522 791 594 852; x_wconf 87' lang='lat' dir='ltr'>atra</span> <span class='ocrx_word' id='word_1_17' title='bbox 616 793 707 854; x_wconf 89' lang='lat' dir='ltr'>nocte</span> <span class='ocrx_word' id='word_1_18' title='bbox 730 811 800 854; x_wconf 89' lang='lat' dir='ltr'>cum</span> <span class='ocrx_word' id='word_1_19' title='bbox 823 788 902 855; x_wconf 83' lang='lat' dir='ltr'>Fato</span> <span class='ocrx_word' id='word_1_20' title='bbox 925 792 1001 855; x_wconf 89' lang='lat' dir='ltr'>steti</span> 
     </span>
     <span class='ocr_line' id='line_1_6' title="bbox 96 892 1243 972; baseline 0.003 -15"><span class='ocrx_word' id='word_1_21' title='bbox 96 892 160 957; x_wconf 90' lang='lat' dir='ltr'>Leo</span> <span class='ocrx_word' id='word_1_22' title='bbox 174 913 238 957; x_wconf 92' lang='lat' dir='ltr'>non</span> <span class='ocrx_word' id='word_1_23' title='bbox 251 899 335 958; x_wconf 89' lang='lat' dir='ltr'>recte</span> <span class='ocrx_word' id='word_1_24' title='bbox 351 894 532 958; x_wconf 75' lang='lat' dir='ltr'>adnotavit:</span> <span class='ocrx_word' id='word_1_25' title='bbox 556 894 713 958; x_wconf 80' lang='lat' dir='ltr'>Heinsius</span> <span class='ocrx_word' id='word_1_26' title='bbox 727 896 861 960; x_wconf 75' lang='lat' dir='ltr'>seribere</span> <span class='ocrx_word' id='word_1_27' title='bbox 875 895 975 960; x_wconf 78' lang='lat' dir='ltr'>uoluit</span> <span class='ocrx_word' id='word_1_28' title='bbox 989 895 1143 972; x_wconf 81' lang='lat' dir='ltr'>obsessus,</span> <span class='ocrx_word' id='word_1_29' title='bbox 1159 900 1243 960; x_wconf 85' lang='lat' dir='ltr'>recto</span> 
     </span>
     <span class='ocr_line' id='line_1_7' title="bbox 97 997 1243 1081; baseline 0.003 -21"><span class='ocrx_word' id='word_1_30' title='bbox 97 997 223 1072; x_wconf 64' lang='lat' dir='ltr'>duduco,</span> <span class='ocrx_word' id='word_1_31' title='bbox 246 1017 323 1062; x_wconf 81' lang='lat' dir='ltr'>ncnc</span> <span class='ocrx_word' id='word_1_32' title='bbox 344 998 381 1062; x_wconf 87' lang='lat' dir='ltr'>de</span> <span class='ocrx_word' id='word_1_33' title='bbox 403 998 527 1062; x_wconf 78' lang='lat' dir='ltr'>tomice</span> <span class='ocrx_word' id='word_1_34' title='bbox 547 999 629 1062; x_wconf 85' lang='lat' dir='ltr'>male</span> <span class='ocrx_word' id='word_1_35' title='bbox 651 999 716 1064; x_wconf 79' lang='lat' dir='ltr'>dici</span> <span class='ocrx_word' id='word_1_36' title='bbox 745 1002 844 1063; x_wconf 70' lang='lat' dir='ltr'>aeaut</span> <span class='ocrx_word' id='word_1_37' title='bbox 871 1001 955 1081; x_wconf 82' lang='lat' dir='ltr'>quod</span> <span class='ocrx_word' id='word_1_38' title='bbox 981 1005 1053 1080; x_wconf 81' lang='lat' dir='ltr'>epte</span> <span class='ocrx_word' id='word_1_39' title='bbox 1081 1001 1120 1064; x_wconf 85' lang='lat' dir='ltr'>de</span> <span class='ocrx_word' id='word_1_40' title='bbox 1150 1001 1243 1064; x_wconf 83' lang='lat' dir='ltr'>rebus</span> 
     </span>
     <span class='ocr_line' id='line_1_8' title="bbox 98 1101 647 1168; baseline 0.005 -4"><span class='ocrx_word' id='word_1_41' title='bbox 98 1101 226 1166; x_wconf 79' lang='lat' dir='ltr'>dicitur.</span> <span class='ocrx_word' id='word_1_42' title='bbox 273 1101 428 1166; x_wconf 84' lang='lat' dir='ltr'>Melzerus</span> <span class='ocrx_word' id='word_1_43' title='bbox 451 1104 515 1167; x_wconf 91' lang='lat' dir='ltr'>iam</span> <span class='ocrx_word' id='word_1_44' title='bbox 538 1102 647 1168; x_wconf 85' lang='lat' dir='ltr'>attulit</span> 
     </span>
     <span class='ocr_line' id='line_1_9' title="bbox 188 1203 1067 1291; baseline 0.003 -22"><span class='ocrx_word' id='word_1_45' title='bbox 188 1203 303 1271; x_wconf 78' lang='lat' dir='ltr'>Troad.</span> <span class='ocrx_word' id='word_1_46' title='bbox 327 1206 409 1270; x_wconf 80' lang='lat'>562:</span> <span class='ocrx_word' id='word_1_47' title='bbox 620 1212 702 1285; x_wconf 81' lang='lat' dir='ltr'>nate,</span> <span class='ocrx_word' id='word_1_48' title='bbox 726 1209 796 1291; x_wconf 83' lang='lat' dir='ltr'>quis</span> <span class='ocrx_word' id='word_1_49' title='bbox 819 1213 852 1273; x_wconf 93' lang='lat' dir='ltr'>te</span> <span class='ocrx_word' id='word_1_50' title='bbox 874 1231 958 1273; x_wconf 89' lang='lat' dir='ltr'>nunc</span> <span class='ocrx_word' id='word_1_51' title='bbox 980 1210 1067 1274; x_wconf 88' lang='lat' dir='ltr'>locus</span> 
     </span>
     <span class='ocr_line' id='line_1_10' title="bbox 432 1311 835 1396; baseline -0.002 -21"><span class='ocrx_word' id='word_1_52' title='bbox 432 1311 561 1377; x_wconf 88' lang='lat' dir='ltr'>fortuna</span> <span class='ocrx_word' id='word_1_53' title='bbox 584 1334 665 1396; x_wconf 89' lang='lat' dir='ltr'>quae</span> <span class='ocrx_word' id='word_1_54' title='bbox 687 1315 835 1396; x_wconf 81' lang='lat' dir='ltr'>possedit.</span> 
     </span>
     <span class='ocr_line' id='line_1_11' title="bbox 98 1415 1140 1498; baseline 0.005 -21"><span class='ocrx_word' id='word_1_55' title='bbox 98 1418 262 1498; x_wconf 85' lang='lat' dir='ltr'>praeterea</span> <span class='ocrx_word' id='word_1_56' title='bbox 284 1416 464 1481; x_wconf 78' lang='lat' dir='ltr'>conferendi</span> <span class='ocrx_word' id='word_1_57' title='bbox 487 1421 562 1481; x_wconf 91' lang='lat' dir='ltr'>sunt</span> <span class='ocrx_word' id='word_1_58' title='bbox 583 1417 646 1482; x_wconf 89' lang='lat' dir='ltr'>loci</span> <span class='ocrx_word' id='word_1_59' title='bbox 668 1418 723 1481; x_wconf 92' lang='lat' dir='ltr'>hi:</span> <span class='ocrx_word' id='word_1_60' title='bbox 746 1417 826 1482; x_wconf 83' lang='lat' dir='ltr'>Stat.</span> <span class='ocrx_word' id='word_1_61' title='bbox 851 1417 950 1482; x_wconf 75' lang='lat' dir='ltr'>Theb.</span> <span class='ocrx_word' id='word_1_62' title='bbox 974 1415 1037 1483; x_wconf 92' lang='lat' dir='ltr'>VII</span> <span class='ocrx_word' id='word_1_63' title='bbox 1061 1419 1140 1483; x_wconf 85' lang='lat'>550:</span> 
     </span>
     <span class='ocr_line' id='line_1_12' title="bbox 203 1519 1157 1600; baseline 0.003 -17"><span class='ocrx_word' id='word_1_64' title='bbox 203 1519 289 1583; x_wconf 83' lang='lat' dir='ltr'>Tene</span> <span class='ocrx_word' id='word_1_65' title='bbox 311 1520 375 1599; x_wconf 85' lang='lat' dir='ltr'>ille,</span> <span class='ocrx_word' id='word_1_66' title='bbox 398 1521 460 1586; x_wconf 90' lang='lat' dir='ltr'>heu</span> <span class='ocrx_word' id='word_1_67' title='bbox 484 1523 620 1600; x_wconf 90' lang='lat' dir='ltr'>demens,</span> <span class='ocrx_word' id='word_1_68' title='bbox 645 1524 741 1587; x_wconf 83' lang='lat' dir='ltr'>semel</span> <span class='ocrx_word' id='word_1_69' title='bbox 763 1524 848 1586; x_wconf 89' lang='lat' dir='ltr'>intra</span> <span class='ocrx_word' id='word_1_70' title='bbox 870 1522 994 1586; x_wconf 86' lang='lat' dir='ltr'>moenie</span> <span class='ocrx_word' id='word_1_71' title='bbox 1017 1522 1157 1586; x_wconf 87' lang='lat' dir='ltr'>clausum</span> 
     </span>
     <span class='ocr_line' id='line_1_13' title="bbox 202 1624 1057 1710; baseline 0.004 -24"><span class='ocrx_word' id='word_1_72' title='bbox 202 1643 442 1708; x_wconf 86' lang='lat' dir='ltr'>possessumque</span> <span class='ocrx_word' id='word_1_73' title='bbox 465 1627 545 1689; x_wconf 93' lang='lat' dir='ltr'>odiis</span> <span class='ocrx_word' id='word_1_74' title='bbox 567 1624 690 1710; x_wconf 84' lang='lat' dir='ltr'>Argiva</span> <span class='ocrx_word' id='word_1_75' title='bbox 712 1627 745 1689; x_wconf 90' lang='lat' dir='ltr'>in</span> <span class='ocrx_word' id='word_1_76' title='bbox 768 1629 871 1690; x_wconf 81' lang='lat' dir='ltr'>castra</span> <span class='ocrx_word' id='word_1_77' title='bbox 894 1627 1057 1690; x_wconf 75' lang='lat' dir='ltr'>remittet?</span> 
     </span>
     <span class='ocr_line' id='line_1_14' title="bbox 202 1725 953 1812; baseline 0.005 -22"><span class='ocrx_word' id='word_1_78' title='bbox 202 1725 233 1790; x_wconf 90' lang='lat' dir='ltr'>X</span> <span class='ocrx_word' id='word_1_79' title='bbox 256 1729 339 1793; x_wconf 82' lang='lat'>676:</span> <span class='ocrx_word' id='word_1_80' title='bbox 362 1730 485 1793; x_wconf 83' lang='lat' dir='ltr'>iuvenis</span> <span class='ocrx_word' id='word_1_81' title='bbox 507 1731 608 1794; x_wconf 94' lang='lat' dir='ltr'>multo</span> <span class='ocrx_word' id='word_1_82' title='bbox 632 1751 793 1812; x_wconf 88' lang='lat' dir='ltr'>possessus</span> <span class='ocrx_word' id='word_1_83' title='bbox 815 1731 953 1794; x_wconf 92' lang='lat' dir='ltr'>numine.</span> 
     </span>
     <span class='ocr_line' id='line_1_15' title="bbox 99 1831 1244 1918; baseline 0.002 -22"><span class='ocrx_word' id='word_1_84' title='bbox 99 1853 195 1897; x_wconf 86' lang='lat' dir='ltr'>carm.</span> <span class='ocrx_word' id='word_1_85' title='bbox 220 1833 319 1914; x_wconf 81' lang='lat' dir='ltr'>epigr.</span> <span class='ocrx_word' id='word_1_86' title='bbox 343 1831 399 1896; x_wconf 85' lang='lat' dir='ltr'>let.</span> <span class='ocrx_word' id='word_1_87' title='bbox 425 1835 508 1898; x_wconf 87' lang='lat'>1243</span> <span class='ocrx_word' id='word_1_88' title='bbox 531 1856 561 1898; x_wconf 87' lang='lat' dir='ltr'>v.</span> <span class='ocrx_word' id='word_1_89' title='bbox 586 1835 622 1898; x_wconf 87' lang='lat'>3:</span> <span class='ocrx_word' id='word_1_90' title='bbox 646 1855 739 1918; x_wconf 90' lang='lat' dir='ltr'>quem</span> <span class='ocrx_word' id='word_1_91' title='bbox 761 1856 933 1917; x_wconf 86' lang='lat' dir='ltr'>numquam</span> <span class='ocrx_word' id='word_1_92' title='bbox 960 1833 1091 1918; x_wconf 87' lang='lat' dir='ltr'>cupidae</span> <span class='ocrx_word' id='word_1_93' title='bbox 1105 1834 1244 1918; x_wconf 80' lang='lat' dir='ltr'>possedit</span> 
     </span>
     <span class='ocr_line' id='line_1_16' title="bbox 655 1939 960 2024; baseline 0.016 -23"><span class='ocrx_word' id='word_1_94' title='bbox 655 1939 758 2024; x_wconf 86' lang='lat' dir='ltr'>gloria</span> <span class='ocrx_word' id='word_1_95' title='bbox 780 1939 893 2004; x_wconf 89' lang='lat' dir='ltr'>famae.</span> <span class='ocrx_word' id='word_1_96' title='bbox 917 1975 960 1986; x_wconf 85' lang='lat'>-</span> 
     </span>
     <span class='ocr_line' id='line_1_17' title="bbox 121 2040 1131 2128; baseline 0.003 -23"><span class='ocrx_word' id='word_1_97' title='bbox 121 2123 123 2126; x_wconf 16' lang='grc' dir='ltr'>Ι</span> <span class='ocrx_word' id='word_1_98' title='bbox 186 2040 251 2105; x_wconf 88' lang='grc' dir='ltr'>ΗΟ</span> <span class='ocrx_word' id='word_1_99' title='bbox 276 2041 375 2106; x_wconf 83' lang='lat'>1347:</span> <span class='ocrx_word' id='word_1_100' title='bbox 400 2063 536 2128; x_wconf 86' lang='lat' dir='ltr'>agnosce</span> <span class='ocrx_word' id='word_1_101' title='bbox 558 2048 660 2109; x_wconf 84' lang='lat' dir='ltr'>mater</span> <span class='ocrx_word' id='word_1_102' title='bbox 682 2081 723 2090; x_wconf 89' lang='lat'>-</span> <span class='ocrx_word' id='word_1_103' title='bbox 747 2065 802 2108; x_wconf 88' lang='lat' dir='ltr'>ora</span> <span class='ocrx_word' id='word_1_104' title='bbox 824 2045 901 2127; x_wconf 92' lang='lat' dir='ltr'>quid</span> <span class='ocrx_word' id='word_1_105' title='bbox 923 2043 1024 2109; x_wconf 88' lang='lat' dir='ltr'>flectis</span> <span class='ocrx_word' id='word_1_106' title='bbox 1047 2048 1131 2108; x_wconf 91' lang='lat' dir='ltr'>retro</span> 
     </span>
     <span class='ocr_line' id='line_1_18' title="bbox 404 2147 755 2232; baseline 0 -21"><span class='ocrx_word' id='word_1_107' title='bbox 404 2147 589 2232; x_wconf 86' lang='lat' dir='ltr'>vultumque</span> <span class='ocrx_word' id='word_1_108' title='bbox 612 2149 755 2232; x_wconf 76' lang='lat' dir='ltr'>mergis?</span> 
     </span>
     <span class='ocr_line' id='line_1_19' title="bbox 99 2251 1246 2336; baseline -0.001 -20"><span class='ocrx_word' id='word_1_109' title='bbox 99 2252 163 2316; x_wconf 87' lang='lat' dir='ltr'>Leo</span> <span class='ocrx_word' id='word_1_110' title='bbox 185 2251 315 2334; x_wconf 83' lang='lat' dir='ltr'>negavit</span> <span class='ocrx_word' id='word_1_111' title='bbox 336 2271 474 2333; x_wconf 69' lang='lat' dir='ltr'>mergere</span> <span class='ocrx_word' id='word_1_112' title='bbox 496 2253 580 2314; x_wconf 90' lang='lat' dir='ltr'>idem</span> <span class='ocrx_word' id='word_1_113' title='bbox 611 2251 789 2336; x_wconf 85' lang='lat' dir='ltr'>significare</span> <span class='ocrx_word' id='word_1_114' title='bbox 817 2272 909 2335; x_wconf 92' lang='lat' dir='ltr'>posse</span> <span class='ocrx_word' id='word_1_115' title='bbox 941 2254 1024 2336; x_wconf 93' lang='lat' dir='ltr'>quod</span> <span class='ocrx_word' id='word_1_116' title='bbox 1046 2252 1246 2316; x_wconf 81' lang='lat' dir='ltr'>abscondere.</span> 
     </span>
     <span class='ocr_line' id='line_1_20' title="bbox 101 2354 1246 2440; baseline 0.002 -22"><span class='ocrx_word' id='word_1_117' title='bbox 101 2354 161 2418; x_wconf 92' lang='lat' dir='ltr'>hoc</span> <span class='ocrx_word' id='word_1_118' title='bbox 183 2355 245 2418; x_wconf 89' lang='lat' dir='ltr'>iam</span> <span class='ocrx_word' id='word_1_119' title='bbox 268 2358 379 2419; x_wconf 91' lang='lat' dir='ltr'>notum</span> <span class='ocrx_word' id='word_1_120' title='bbox 402 2360 470 2418; x_wconf 88' lang='lat' dir='ltr'>erat</span> <span class='ocrx_word' id='word_1_121' title='bbox 485 2355 527 2420; x_wconf 90' lang='lat' dir='ltr'>N.</span> <span class='ocrx_word' id='word_1_122' title='bbox 545 2356 676 2420; x_wconf 89' lang='lat' dir='ltr'>Heinsio</span> <span class='ocrx_word' id='word_1_123' title='bbox 692 2356 955 2438; x_wconf 79' lang='lat' dir='ltr'>(adversariorum</span> <span class='ocrx_word' id='word_1_124' title='bbox 970 2358 1044 2421; x_wconf 90' lang='lat' dir='ltr'>libri</span> <span class='ocrx_word' id='word_1_125' title='bbox 1060 2354 1107 2419; x_wconf 91' lang='lat' dir='ltr'>IV</span> <span class='ocrx_word' id='word_1_126' title='bbox 1121 2380 1151 2440; x_wconf 94' lang='lat' dir='ltr'>p.</span> <span class='ocrx_word' id='word_1_127' title='bbox 1169 2356 1246 2439; x_wconf 81' lang='lat'><strong>279)</strong></span> 
     </span>
     <span class='ocr_line' id='line_1_21' title="bbox 100 2459 756 2543; baseline 0.003 -21"><span class='ocrx_word' id='word_1_128' title='bbox 100 2463 134 2522; x_wconf 93' lang='lat' dir='ltr'>et</span> <span class='ocrx_word' id='word_1_129' title='bbox 157 2481 195 2522; x_wconf 85' lang='lat' dir='ltr'>ex</span> <span class='ocrx_word' id='word_1_130' title='bbox 215 2459 325 2524; x_wconf 85' lang='lat' dir='ltr'>lexicis</span> <span class='ocrx_word' id='word_1_131' title='bbox 347 2459 424 2523; x_wconf 88' lang='lat' dir='ltr'>satis</span> <span class='ocrx_word' id='word_1_132' title='bbox 448 2481 602 2543; x_wconf 88' lang='lat' dir='ltr'>superque</span> <span class='ocrx_word' id='word_1_133' title='bbox 625 2466 756 2524; x_wconf 87' lang='lat' dir='ltr'>constat.</span> 
     </span>
     <span class='ocr_line' id='line_1_22' title="bbox 188 2563 1043 2645; baseline 0 -19"><span class='ocrx_word' id='word_1_134' title='bbox 188 2563 255 2629; x_wconf 89' lang='grc' dir='ltr'>ΗΟ</span> <span class='ocrx_word' id='word_1_135' title='bbox 279 2566 383 2629; x_wconf 85' lang='lat'>1392:</span> <span class='ocrx_word' id='word_1_136' title='bbox 593 2571 704 2645; x_wconf 88' lang='lat' dir='ltr'>surgat</span> <span class='ocrx_word' id='word_1_137' title='bbox 726 2565 800 2628; x_wconf 92' lang='lat' dir='ltr'>hinc</span> <span class='ocrx_word' id='word_1_138' title='bbox 821 2566 909 2630; x_wconf 90' lang='lat' dir='ltr'>illinc</span> <span class='ocrx_word' id='word_1_139' title='bbox 932 2585 1043 2627; x_wconf 89' lang='lat' dir='ltr'>nemus</span> 
     </span>
     <span class='ocr_line' id='line_1_23' title="bbox 407 2669 1092 2751; baseline 0.001 -19"><span class='ocrx_word' id='word_1_140' title='bbox 407 2672 557 2751; x_wconf 85' lang='lat' dir='ltr'>artusque</span> <span class='ocrx_word' id='word_1_141' title='bbox 571 2674 695 2733; x_wconf 91' lang='lat' dir='ltr'>nostros</span> <span class='ocrx_word' id='word_1_142' title='bbox 710 2672 806 2734; x_wconf 89' lang='lat' dir='ltr'>durus</span> <span class='ocrx_word' id='word_1_143' title='bbox 822 2669 976 2734; x_wconf 90' lang='lat' dir='ltr'>immittat</span> <span class='ocrx_word' id='word_1_144' title='bbox 991 2670 1092 2735; x_wconf 85' lang='lat' dir='ltr'>Sinis:</span> 
     </span>
     <span class='ocr_line' id='line_1_24' title="bbox 411 2774 715 2857; baseline -0.003 -19"><span class='ocrx_word' id='word_1_145' title='bbox 411 2774 583 2857; x_wconf 79' lang='lat' dir='ltr'>sparsus1⁹)</span> <span class='ocrx_word' id='word_1_146' title='bbox 608 2774 715 2839; x_wconf 89' lang='lat' dir='ltr'>silebo.</span> 
     </span>
     <span class='ocr_line' id='line_1_25' title="bbox 99 2875 1246 2964; baseline -0.003 -23"><span class='ocrx_word' id='word_1_147' title='bbox 99 2875 164 2942; x_wconf 86' lang='lat' dir='ltr'>Leo</span> <span class='ocrx_word' id='word_1_148' title='bbox 186 2899 281 2962; x_wconf 86' lang='lat' dir='ltr'>aegre</span> <span class='ocrx_word' id='word_1_149' title='bbox 303 2879 378 2942; x_wconf 88' lang='lat' dir='ltr'>tulit</span> <span class='ocrx_word' id='word_1_150' title='bbox 399 2879 601 2964; x_wconf 87' lang='lat' dir='ltr'>perticipium</span> <span class='ocrx_word' id='word_1_151' title='bbox 623 2880 799 2962; x_wconf 88' lang='lat' dir='ltr'>perlectum</span> <span class='ocrx_word' id='word_1_152' title='bbox 814 2899 959 2959; x_wconf 76' lang='lat' dir='ltr'>sparsus,</span> <span class='ocrx_word' id='word_1_153' title='bbox 984 2880 1067 2962; x_wconf 90' lang='lat' dir='ltr'>quod</span> <span class='ocrx_word' id='word_1_154' title='bbox 1083 2875 1246 2951; x_wconf 88' lang='lat' dir='ltr'>Melzerus,</span> 
     </span>
     <span class='ocr_line' id='line_1_26' title="bbox 100 2981 1246 3067; baseline -0.004 -19"><span class='ocrx_word' id='word_1_155' title='bbox 100 3004 174 3048; x_wconf 91' lang='lat' dir='ltr'>cum</span> <span class='ocrx_word' id='word_1_156' title='bbox 186 2983 247 3046; x_wconf 90' lang='lat' dir='ltr'>duo</span> <span class='ocrx_word' id='word_1_157' title='bbox 259 2982 308 3048; x_wconf 94' lang='lat' dir='ltr'>illi</span> <span class='ocrx_word' id='word_1_158' title='bbox 320 2984 389 3062; x_wconf 85' lang='lat' dir='ltr'>loci,</span> <span class='ocrx_word' id='word_1_159' title='bbox 403 3006 481 3067; x_wconf 91' lang='lat' dir='ltr'>quos</span> <span class='ocrx_word' id='word_1_160' title='bbox 497 2984 616 3061; x_wconf 83' lang='lat' dir='ltr'>attulit,</span> <span class='ocrx_word' id='word_1_161' title='bbox 630 2985 663 3048; x_wconf 93' lang='lat' dir='ltr'>in</span> <span class='ocrx_word' id='word_1_162' title='bbox 679 2984 760 3048; x_wconf 86' lang='lat' dir='ltr'>hanc</span> <span class='ocrx_word' id='word_1_163' title='bbox 775 3006 841 3049; x_wconf 93' lang='lat' dir='ltr'>rem</span> <span class='ocrx_word' id='word_1_164' title='bbox 857 2985 985 3048; x_wconf 89' lang='lat' dir='ltr'>omnino</span> <span class='ocrx_word' id='word_1_165' title='bbox 1001 3003 1063 3046; x_wconf 93' lang='lat' dir='ltr'>non</span> <span class='ocrx_word' id='word_1_166' title='bbox 1081 2981 1246 3064; x_wconf 85' lang='lat' dir='ltr'>quadrent,</span> 
     </span>
     <span class='ocr_line' id='line_1_27' title="bbox 101 3087 855 3170; baseline -0.001 -20"><span class='ocrx_word' id='word_1_167' title='bbox 101 3107 166 3151; x_wconf 92' lang='lat' dir='ltr'>non</span> <span class='ocrx_word' id='word_1_168' title='bbox 188 3087 321 3152; x_wconf 82' lang='lat' dir='ltr'>feliciter</span> <span class='ocrx_word' id='word_1_169' title='bbox 344 3088 491 3152; x_wconf 86' lang='lat' dir='ltr'>defendit.</span> <span class='ocrx_word' id='word_1_170' title='bbox 516 3089 622 3153; x_wconf 86' lang='lat' dir='ltr'>videas</span> <span class='ocrx_word' id='word_1_171' title='bbox 646 3093 750 3153; x_wconf 86' lang='lat' dir='ltr'>autem</span> <span class='ocrx_word' id='word_1_172' title='bbox 774 3088 855 3170; x_wconf 89' lang='lat' dir='ltr'>ipse:</span> 
     </span>
     <span class='ocr_line' id='line_1_28' title="bbox 103 3190 1091 3278; baseline -0.003 -22"><span class='ocrx_word' id='word_1_173' title='bbox 103 3191 219 3257; x_wconf 82' lang='lat' dir='ltr'>Trood.</span> <span class='ocrx_word' id='word_1_174' title='bbox 245 3191 322 3256; x_wconf 82' lang='lat'>344:</span> <span class='ocrx_word' id='word_1_175' title='bbox 345 3190 404 3255; x_wconf 92' lang='lat' dir='ltr'>Illo</span> <span class='ocrx_word' id='word_1_176' title='bbox 427 3215 466 3256; x_wconf 86' lang='lat' dir='ltr'>ex</span> <span class='ocrx_word' id='word_1_177' title='bbox 488 3193 622 3271; x_wconf 83' lang='lat' dir='ltr'>Achille,</span> <span class='ocrx_word' id='word_1_178' title='bbox 648 3215 760 3278; x_wconf 83' lang='lat' dir='ltr'>genere</span> <span class='ocrx_word' id='word_1_179' title='bbox 784 3195 839 3274; x_wconf 91' lang='lat' dir='ltr'>qui</span> <span class='ocrx_word' id='word_1_180' title='bbox 860 3193 1012 3256; x_wconf 90' lang='lat' dir='ltr'>mundum</span> <span class='ocrx_word' id='word_1_181' title='bbox 1035 3211 1091 3254; x_wconf 88' lang='lat' dir='ltr'>suo</span> 
     </span>
     <span class='ocr_line' id='line_1_29' title="bbox 344 3294 1156 3380; baseline -0.004 -21"><span class='ocrx_word' id='word_1_182' title='bbox 344 3317 470 3379; x_wconf 86' lang='lat' dir='ltr'>sparsus</span> <span class='ocrx_word' id='word_1_183' title='bbox 493 3318 548 3378; x_wconf 94' lang='lat' dir='ltr'>per</span> <span class='ocrx_word' id='word_1_184' title='bbox 570 3319 662 3362; x_wconf 92' lang='lat' dir='ltr'>omne</span> <span class='ocrx_word' id='word_1_185' title='bbox 685 3296 831 3361; x_wconf 88' lang='lat' dir='ltr'>caelitum</span> <span class='ocrx_word' id='word_1_186' title='bbox 856 3317 989 3380; x_wconf 85' lang='lat' dir='ltr'>regnum</span> <span class='ocrx_word' id='word_1_187' title='bbox 1013 3298 1100 3357; x_wconf 89' lang='lat' dir='ltr'>tenet</span> <span class='ocrx_word' id='word_1_188' title='bbox 1108 3294 1156 3376; x_wconf 76' lang='lat'>²⁰).</span> 
     </span>
     <span class='ocr_line' id='line_1_30' title="bbox 100 3398 1249 3486; baseline -0.004 -22"><span class='ocrx_word' id='word_1_189' title='bbox 100 3405 197 3486; x_wconf 86' lang='lat' dir='ltr'>poete</span> <span class='ocrx_word' id='word_1_190' title='bbox 219 3400 295 3464; x_wconf 89' lang='lat' dir='ltr'>dicit</span> <span class='ocrx_word' id='word_1_191' title='bbox 316 3398 473 3466; x_wconf 86' lang='lat' dir='ltr'>Achillem</span> <span class='ocrx_word' id='word_1_192' title='bbox 502 3421 617 3484; x_wconf 88' lang='lat' dir='ltr'>genere</span> <span class='ocrx_word' id='word_1_193' title='bbox 647 3422 703 3463; x_wconf 90' lang='lat' dir='ltr'>suo</span> <span class='ocrx_word' id='word_1_194' title='bbox 735 3422 791 3482; x_wconf 89' lang='lat' dir='ltr'>per</span> <span class='ocrx_word' id='word_1_195' title='bbox 818 3420 910 3462; x_wconf 90' lang='lat' dir='ltr'>omne</span> <span class='ocrx_word' id='word_1_196' title='bbox 940 3418 1073 3482; x_wconf 85' lang='lat' dir='ltr'>regnum</span> <span class='ocrx_word' id='word_1_197' title='bbox 1105 3417 1249 3479; x_wconf 85' lang='lat' dir='ltr'>sparsum</span> 
     </span>
     <span class='ocr_line' id='line_1_31' title="bbox 100 3499 1284 3585; baseline -0.004 -16"><span class='ocrx_word' id='word_1_198' title='bbox 100 3509 207 3569; x_wconf 91' lang='lat' dir='ltr'>totum</span> <span class='ocrx_word' id='word_1_199' title='bbox 230 3508 336 3568; x_wconf 91' lang='lat' dir='ltr'>tenere</span> <span class='ocrx_word' id='word_1_200' title='bbox 358 3506 519 3569; x_wconf 89' lang='lat' dir='ltr'>mundum.</span> <span class='ocrx_word' id='word_1_201' title='bbox 543 3503 679 3568; x_wconf 83' lang='lat' dir='ltr'>Achillis</span> <span class='ocrx_word' id='word_1_202' title='bbox 702 3524 816 3584; x_wconf 88' lang='lat' dir='ltr'>corpus</span> <span class='ocrx_word' id='word_1_203' title='bbox 845 3524 919 3565; x_wconf 91' lang='lat' dir='ltr'>num</span> <span class='ocrx_word' id='word_1_204' title='bbox 943 3499 1096 3566; x_wconf 87' lang='lat' dir='ltr'>Melzerus</span> <span class='ocrx_word' id='word_1_205' title='bbox 1120 3499 1250 3566; x_wconf 90' lang='lat' dir='ltr'>credidit</span> <span class='ocrx_word' id='word_1_206' title='bbox 1282 3579 1284 3585; x_wconf 28' lang='grc' dir='ltr'>Ι</span> 
     </span>
     <span class='ocr_line' id='line_1_32' title="bbox 99 3605 1248 3693; baseline -0.003 -21"><span class='ocrx_word' id='word_1_207' title='bbox 99 3606 220 3672; x_wconf 87' lang='lat' dir='ltr'>multas</span> <span class='ocrx_word' id='word_1_208' title='bbox 243 3607 275 3671; x_wconf 94' lang='lat' dir='ltr'>in</span> <span class='ocrx_word' id='word_1_209' title='bbox 298 3613 403 3693; x_wconf 88' lang='lat' dir='ltr'>partes</span> <span class='ocrx_word' id='word_1_210' title='bbox 426 3609 561 3672; x_wconf 86' lang='lat' dir='ltr'>divisum</span> <span class='ocrx_word' id='word_1_211' title='bbox 584 3609 671 3672; x_wconf 78' lang='lat' dir='ltr'>esse?</span> <span class='ocrx_word' id='word_1_212' title='bbox 693 3607 774 3670; x_wconf 89' lang='lat' dir='ltr'>alter</span> <span class='ocrx_word' id='word_1_213' title='bbox 795 3606 883 3670; x_wconf 89' lang='lat' dir='ltr'>locus</span> <span class='ocrx_word' id='word_1_214' title='bbox 907 3610 955 3670; x_wconf 91' lang='lat' dir='ltr'>est</span> <span class='ocrx_word' id='word_1_215' title='bbox 973 3605 1065 3670; x_wconf 75' lang='lat' dir='ltr'>Meu.</span> <span class='ocrx_word' id='word_1_216' title='bbox 1083 3608 1145 3671; x_wconf 89' lang='grc'>625</span> <span class='ocrx_word' id='word_1_217' title='bbox 1162 3627 1248 3689; x_wconf 87' lang='lat' dir='ltr'>sqq:</span> 
     </span>
     <span class='ocr_line' id='line_1_33' title="bbox 333 3705 1275 3797; baseline -0.002 -21"><span class='ocrx_word' id='word_1_218' title='bbox 333 3713 388 3776; x_wconf 94' lang='lat' dir='ltr'>ille</span> <span class='ocrx_word' id='word_1_219' title='bbox 409 3714 509 3778; x_wconf 85' lang='lat' dir='ltr'>vocali</span> <span class='ocrx_word' id='word_1_220' title='bbox 532 3712 658 3797; x_wconf 87' lang='lat' dir='ltr'>genitus</span> <span class='ocrx_word' id='word_1_221' title='bbox 682 3709 828 3788; x_wconf 80' lang='lat' dir='ltr'>Camena,</span> <span class='ocrx_word' id='word_1_222' title='bbox 1273 3705 1275 3711; x_wconf 32' lang='lat'>⁸</span> 
     </span>
     <span class='ocr_line' id='line_1_34' title="bbox 334 3815 983 3898; baseline -0.008 -17"><span class='ocrx_word' id='word_1_223' title='bbox 334 3818 423 3881; x_wconf 91' lang='lat' dir='ltr'>cuius</span> <span class='ocrx_word' id='word_1_224' title='bbox 446 3818 486 3881; x_wconf 86' lang='lat' dir='ltr'>ad</span> <span class='ocrx_word' id='word_1_225' title='bbox 508 3818 641 3882; x_wconf 90' lang='lat' dir='ltr'>chordas</span> <span class='ocrx_word' id='word_1_226' title='bbox 663 3817 843 3880; x_wconf 89' lang='lat' dir='ltr'>modulante</span> <span class='ocrx_word' id='word_1_227' title='bbox 864 3815 983 3898; x_wconf 88' lang='lat' dir='ltr'>plectro</span> 
     </span>
     <span class='ocr_line' id='line_1_35' title="bbox 333 3919 858 3998; baseline -0.004 -15"><span class='ocrx_word' id='word_1_228' title='bbox 333 3921 449 3984; x_wconf 87' lang='lat' dir='ltr'>restitit</span> <span class='ocrx_word' id='word_1_229' title='bbox 471 3926 601 3998; x_wconf 76' lang='lat' dir='ltr'>torrens,</span> <span class='ocrx_word' id='word_1_230' title='bbox 626 3921 740 3984; x_wconf 89' lang='lat' dir='ltr'>siluere</span> <span class='ocrx_word' id='word_1_231' title='bbox 762 3919 858 3995; x_wconf 87' lang='lat' dir='ltr'>venti,</span> 
     </span>
     <span class='ocr_line' id='line_1_36' title="bbox 333 4022 961 4091; baseline -0.006 -3"><span class='ocrx_word' id='word_1_232' title='bbox 333 4028 436 4089; x_wconf 68' lang='lat' dir='ltr'>cum21</span> <span class='ocrx_word' id='word_1_233' title='bbox 460 4048 516 4090; x_wconf 90' lang='lat' dir='ltr'>suo</span> <span class='ocrx_word' id='word_1_234' title='bbox 538 4031 632 4091; x_wconf 90' lang='lat' dir='ltr'>cantu</span> <span class='ocrx_word' id='word_1_235' title='bbox 656 4023 827 4088; x_wconf 73' lang='lat' dir='ltr'>volucris²2</span> <span class='ocrx_word' id='word_1_236' title='bbox 851 4022 961 4087; x_wconf 89' lang='lat' dir='ltr'>relicto</span> 
     </span>
    </p>
   </div>
   <div class='ocr_carea' id='block_1_3' title="bbox 99 4157 1249 4442">
    <p class='ocr_par' dir='ltr' id='par_1_3' title="bbox 99 4157 1249 4442">
     <span class='ocr_line' id='line_1_37' title="bbox 176 4157 1045 4245; baseline -0.01 -27"><span class='ocrx_word' id='word_1_237' title='bbox 176 4162 209 4232; x_wconf 82' lang='lat'>¹⁹)</span> <span class='ocrx_word' id='word_1_238' title='bbox 229 4161 349 4242; x_wconf 78' lang='lat' dir='ltr'>Sparsus</span> <span class='ocrx_word' id='word_1_239' title='bbox 368 4162 500 4245; x_wconf 75' lang='lat' dir='ltr'>hocloco</span> <span class='ocrx_word' id='word_1_240' title='bbox 518 4162 592 4216; x_wconf 88' lang='lat' dir='ltr'>idern</span> <span class='ocrx_word' id='word_1_241' title='bbox 611 4163 756 4242; x_wconf 28' lang='lat' dir='ltr'>estnatque</span> <span class='ocrx_word' id='word_1_242' title='bbox 775 4161 914 4228; x_wconf 72' lang='lat' dir='ltr'>deportes</span> <span class='ocrx_word' id='word_1_243' title='bbox 932 4157 1045 4212; x_wconf 59' lang='lat' dir='ltr'>diosus.</span> 
     </span>
     <span class='ocr_line' id='line_1_38' title="bbox 119 4222 1249 4358; baseline -0.019 -64"><span class='ocrx_word' id='word_1_244' title='bbox 119 4306 156 4356; x_wconf 62' lang='lat'>44</span> <span class='ocrx_word' id='word_1_245' title='bbox 173 4232 210 4357; x_wconf 55' lang='lat'>:3</span> <span class='ocrx_word' id='word_1_246' title='bbox 227 4233 549 4358; x_wconf 49' lang='lat' dir='ltr'>gggrldguvqrgqtqiqsrsram</span> <span class='ocrx_word' id='word_1_247' title='bbox 566 4233 621 4286; x_wconf 87' lang='lat' dir='ltr'>Leo</span> <span class='ocrx_word' id='word_1_248' title='bbox 641 4232 713 4284; x_wconf 84' lang='lat' dir='ltr'>dmt</span> <span class='ocrx_word' id='word_1_249' title='bbox 732 4230 775 4297; x_wconf 83' lang='lat' dir='ltr'>(G.</span> <span class='ocrx_word' id='word_1_250' title='bbox 796 4228 827 4282; x_wconf 82' lang='lat' dir='ltr'>G.</span> <span class='ocrx_word' id='word_1_251' title='bbox 847 4230 879 4282; x_wconf 86' lang='lat' dir='ltr'>A.</span> <span class='ocrx_word' id='word_1_252' title='bbox 896 4247 923 4298; x_wconf 88' lang='lat' dir='ltr'>p.</span> <span class='ocrx_word' id='word_1_253' title='bbox 944 4230 976 4280; x_wconf 80' lang='lat'>10</span> <span class='ocrx_word' id='word_1_254' title='bbox 994 4226 1058 4278; x_wconf 89' lang='lat' dir='ltr'>adn.</span> <span class='ocrx_word' id='word_1_255' title='bbox 1080 4225 1120 4291; x_wconf 79' lang='lat'>1):</span> <span class='ocrx_word' id='word_1_256' title='bbox 1153 4222 1249 4278; x_wconf 78' lang='lat' dir='ltr'>Troad.</span> 
     </span>
     <span class='ocr_line' id='line_1_39' title="bbox 99 4307 807 4442; baseline -0.011 -12"><span class='ocrx_word' id='word_1_257' title='bbox 99 4307 120 4358; x_wconf 70' lang='grc'><strong><em>3</em></strong></span> <span class='ocrx_word' id='word_1_258' title='bbox 176 4373 209 4442; x_wconf 81' lang='lat'>²¹)</span> <span class='ocrx_word' id='word_1_259' title='bbox 232 4372 299 4427; x_wconf 83' lang='lat' dir='ltr'>Tum</span> <span class='ocrx_word' id='word_1_260' title='bbox 317 4321 433 4442; x_wconf 70' lang='lat' dir='ltr'>prietes</span> <span class='ocrx_word' id='word_1_261' title='bbox 449 4371 480 4426; x_wconf 82' lang='grc' dir='ltr'>Ε.</span> <span class='ocrx_word' id='word_1_262' title='bbox 589 4371 622 4438; x_wconf 72' lang='lat'>²²)</span> <span class='ocrx_word' id='word_1_263' title='bbox 640 4372 759 4424; x_wconf 77' lang='lat' dir='ltr'>uolucres</span> <span class='ocrx_word' id='word_1_264' title='bbox 776 4367 807 4422; x_wconf 80' lang='grc' dir='ltr'>Ε.</span> 
     </span>
    </p>
   </div>
   <div class='ocr_carea' id='block_1_4' title="bbox 0 0 1494 4952">
    <p class='ocr_par' dir='ltr' id='par_1_4' title="bbox 0 0 1494 4952">
     <span class='ocr_line' id='line_1_40' title="bbox 0 0 1494 4952; baseline 0 0"><span class='ocrx_word' id='word_1_265' title='bbox 0 0 1494 4952; x_wconf 95' lang='lat' dir='ltr'> </span> 
     </span>
    </p>
   </div>
  </div>
 </body>
</html>
