2958 4952
848 297 867 359 6

285 470 392 554 itaque
413 471 446 533 in
471 470 617 535 Herculis
640 469 770 534 alterius
793 491 940 534 versuum
962 493 1092 536 numero
1115 472 1243 538 haerere
1264 497 1328 539 non
1357 498 1433 558 pos·

283 573 390 657 aum⁵)
416 573 467 658 (cf.
491 577 613 659 partem
637 574 768 638 alteram
785 580 816 637 et
831 574 981 656 tertiam).
1011 597 1105 660 aegre
1131 600 1256 661 quoque
1285 579 1433 643 tulerunt

284 675 482 761 Bentleiua⁶)
507 683 539 743 et
554 679 615 743 Leo
627 679 664 761 7),
689 681 773 762 quod
789 679 941 743 Hercules
958 678 1093 745 Oetaeus
1108 687 1140 746 et
1155 682 1286 747 Octavia
1301 683 1433 747 fabulae

284 782 369 846 solae
391 785 513 848 cantico
535 785 755 847 terminantur.
793 785 986 848 contradici
1017 790 1121 869 potest
1142 786 1331 852 Annaeanas
1363 793 1432 852 tra·

286 887 415 970 goediaa
438 909 547 953 omnes
562 893 687 970 praeter
706 888 880 952 Phaedram
897 893 928 951 et
944 886 1116 968 Octaviam,
1132 892 1165 954 in
1181 912 1315 974 quarum
1330 891 1435 956 initiis

285 993 431 1056 monodia
454 993 624 1070 invenitur,
648 1015 667 1056 a
689 993 823 1076 prologo
845 994 992 1078 incipere.
1017 994 1076 1058 hac
1098 1016 1230 1059 renum
1253 994 1434 1059 Phaedram
1457 1019 1458 1090 r

283 1117 350 1161 esse
373 1098 513 1179 spuriam
536 1099 712 1180 probatur?
1457 1093 1458 1096 ¹

370 1201 489 1266 Multos
512 1223 585 1266 vero
600 1201 748 1266 Herculis
772 1200 880 1267 Oetaei
903 1202 987 1267 loooa
1011 1203 1185 1268 imitatione
1208 1204 1352 1268 eceteris
1373 1201 1433 1266 Se·

283 1326 378 1369 nacae
400 1307 572 1390 tragoediis
596 1328 759 1390 expressos
776 1329 842 1371 esse
854 1310 1081 1372 contenderunt
1096 1306 1308 1391 Goebelius⁸)‚
1327 1306 1432 1372 Rich-

284 1412 402 1484 terus⁹,
427 1411 537 1486 heom,
563 1411 725 1488 Birtiusu,
749 1410 958 1476 Tachavus12.
982 1414 1037 1476 sed
1052 1412 1130 1476 haec
1147 1433 1207 1490 res,
1231 1433 1301 1476 curn
1325 1417 1357 1474 et
1370 1410 1436 1475 Leo

283 1513 312 1596 (I
334 1537 365 1598 p.
390 1515 444 1598 49)
469 1521 500 1580 et
524 1516 687 1581 Tachavus
712 1515 746 1598 (l.
771 1515 809 1598 s.)
834 1514 980 1580 lubenter
995 1518 1206 1580 concesserint
1221 1518 1288 1580 iure
1309 1517 1436 1600 optimo

283 1619 366 1682 obioi
388 1640 479 1702 posse
503 1618 652 1685 Senecam
677 1619 776 1684 solere
808 1626 907 1685 semet
937 1622 1042 1703 ipsum
1070 1620 1245 1685 exscribere
1273 1620 1373 1684 etiam
1404 1621 1437 1683 in

282 1723 413 1807 reliquia
436 1724 563 1802 fabulis,
588 1725 773 1807 praesertim
796 1725 851 1788 ubi
874 1727 911 1789 de
933 1725 1028 1790 rebus
1050 1725 1206 1789 similibus
1221 1729 1345 1808 agatur,
1364 1726 1459 1788 sinet

284 1827 381 1892 dubio
404 1830 581 1893 cautionem
606 1831 711 1893 habet.
758 1835 853 1913 atque
867 1829 1030 1909 Melzerus‚
1055 1831 1110 1914 qui
1131 1829 1283 1912 plurimos
1306 1828 1399 1892 locos
1421 1852 1438 1892 a

282 1933 358 1995 viris
389 1932 488 1996 doctis
519 1933 667 1997 collectos
701 1935 817 1997 iniuria
850 1933 912 1997 huc
945 1935 1057 1998 referri
1089 1935 1257 2015 putaverit,
1291 1934 1459 2017 quinque¹

283 2041 409 2100 tantum
423 2037 593 2101 versiculos
608 2038 744 2101 fortasse
762 2037 895 2101 alicuius
910 2037 1063 2101 momenti
1079 2059 1145 2100 osae
1161 2038 1241 2101 dixit
1253 2036 1295 2120 (p
1309 2038 1438 2122 2lsq.).

285 2161 344 2224 ego
366 2145 473 2205 autem
495 2142 643 2225 reliquas¹
657 2141 783 2209 fabulas
799 2143 989 2207 Annaeanas
1012 2146 1225 2224 perscrutatus
1248 2140 1345 2204 aliam
1364 2145 1436 2206 tra·

284 2245 429 2328 goediam
451 2248 566 2325 inveni,
590 2248 624 2309 in
647 2268 710 2329 qua
733 2246 841 2309 eadem
857 2246 984 2309 licentia
998 2250 1094 2329 atque
1109 2246 1142 2308 in
1159 2245 1295 2310 Hercule
1312 2243 1437 2311 Oetaeo

286 2349 423 2413 admissa
446 2357 501 2415 est.
526 2350 668 2415 conferas
691 2351 774 2413 enim
797 2351 933 2414 interae
956 2349 1048 2414 haec:

371 2454 459 2520 Med.
483 2457 564 2520 222:
588 2456 650 2520 huc
674 2456 757 2519 ferat
779 2460 811 2519 et
833 2455 909 2518 illuc

557 2559 615 2638 Hf.
640 2560 716 2623 999:
740 2559 803 2624 huo
826 2569 877 2622 eat
899 2562 931 2622 et
952 2558 1028 2624 illuc

371 2662 459 2727 Meu.
485 2665 563 2728 215:
588 2665 682 2728 vidua
704 2663 958 2729 Thermodontiis

557 2767 616 2846 Hf.
640 2767 719 2830 246:
744 2769 838 2832 vidua
861 2767 1126 2831 Thermodontiae

373 2869 459 2934 Med.
485 2871 564 2935 270:
588 2872 690 2935 libera
711 2873 794 2935 cives
817 2876 905 2935 metu

416 3040 418 3046 ,
561 2975 676 3040 Troad.
702 2975 781 3039 581:
804 2974 905 3038 libera
928 2974 1039 3039 Graios
1061 2978 1148 3038 metu

374 3077 461 3142 Med.
486 3078 569 3142 288:
594 3100 704 3162 precor
724 3078 850 3142 brevem
873 3078 991 3161 largire
1014 3077 1152 3162 fugienti
1175 3098 1305 3154 moram,

590 3184 665 3247 dum
689 3186 830 3247 extrema
852 3184 936 3246 natis
959 3187 1061 3246 mater
1083 3182 1182 3266 infigo
1204 3182 1310 3246 oscula

562 3288 678 3352 Trood.
704 3288 785 3353 760:
810 3288 935 3352 brevem
957 3311 1077 3353 moram
1107 3288 1224 3370 largire
1253 3288 1327 3350 dum
1359 3290 1438 3355 offi-

783 3393 867 3457 cium
889 3413 1003 3476 parens

782 3502 857 3562 nato
880 3517 1061 3580 supremum
1083 3496 1179 3559 reddo

355 3719 377 3788 ⁵)
395 3719 530 3775 Consaraa
548 3721 634 3776 etiam
652 3721 803 3776 Melzarum
822 3740 848 3791 p.
869 3723 909 3777 13.

311 3861 316 3871 Ι
354 3789 375 3858 ⁰)
395 3791 493 3845 Albert
511 3791 729 3887 Stachalsoheid
748 3793 875 3862 Bentleys
893 3792 1108 3848 maeatarum
1125 3810 1161 3848 zu
1180 3791 1293 3846 Serwcaa
1317 3791 1439 3862 itaque·

286 3861 449 3996 dumbaibic
461 3859 670 3998 Ehldreripolaihicii
683 3863 911 3984 ddd'chorlieder
929 3929 1055 3993 Senecas,
1073 3929 1141 3984 Mus.
1162 3931 1251 3985 Rhen.
1270 3929 1304 3982 52
1323 3947 1350 3997 p.
1373 3931 1439 3986 512.

355 3999 377 4062 ⁸)
396 3997 577 4082 Quaestionea
595 3999 774 4064 Horatianaa
793 4002 902 4068 parali
921 4000 950 4054 in
970 4001 1113 4064 Muetaell,
1137 4001 1295 4067 Zeitscbrtft
1312 4001 1362 4066 [ῆν
1383 4003 1439 4057 das

287 4069 923 4262 Gymbagdlgbsddodtiddffbbdibiuhinaubborc
940 4160 968 4211 p.
987 4141 1021 4196 30
1034 4158 1073 4208 aq.

356 4209 388 4310 ii)
406 4207 617 4334 iidiwmbidls'
665 4214 825 4334 pambo

357 4279 392 4418 ui
410 4320 448 4403 z'u
468 4297 587 4404 'adieras
605 4295 786 4420 rtt'goatn,
804 4319 904 4406 riou
923 4350 957 4405 re
976 4348 1075 4420 [recu.
1095 4367 1121 4417 p.
1141 4347 1192 4402 ara
1204 4364 1262 4416 sqq.
