2958 4952
802 335 845 401 44

340 513 509 580 Richterus
541 533 634 597 aegre
663 509 738 576 tulit
762 510 813 593 (de
835 508 922 574 aar.
938 531 966 572 a.
983 533 1014 592 p.
1035 505 1087 589 15)
1117 508 1202 590 quod
1225 506 1288 572 ΗΟ
1316 507 1400 570 1095

254 625 404 700 qaattaor
425 616 617 701 bisyllabnm
640 619 696 678 est.
743 618 777 676 at
799 615 827 676 si
841 618 918 677 tunc
939 611 1070 676 vidisset
1085 609 1179 688 locos
1204 631 1284 693 quos
1300 609 1400 674 Geor-

251 743 306 807 ges
331 723 367 806 (s.
383 746 411 786 v.
438 719 602 805 quattuor)
626 718 751 794 attulit,
784 722 815 781 et
838 716 935 780 verba
956 715 1096 799 legisset,
1130 736 1211 797 quae
1235 713 1287 779 Fr.
1313 712 1399 779 Stol-

250 826 317 890 zius
339 825 415 891 fecit
439 823 650 909 (lateinische
674 821 894 886 Crammatik³
918 843 949 902 p.
967 819 1087 902 33l34),
1113 820 1247 884 fortasse
1271 819 1333 884 hoo
1347 841 1401 881 ar-

252 937 402 1016 gumento
425 952 488 993 non
510 950 585 992 usus
609 932 699 996 esset.
724 930 886 1008 praeterea
908 925 972 986 iam
988 922 1180 988 Schmidtius
1204 923 1247 1007 (p.
1268 923 1322 1006 13)
1346 925 1402 987 de·

249 1034 416 1118 prehendit
437 1035 471 1096 in
486 1031 724 1116 Agamemnone
739 1053 761 1094 a
776 1029 917 1093 vocalem
932 1029 1016 1092 vocis
1031 1033 1141 1108 saepto
1164 1029 1203 1092 ad
1220 1049 1400 1092 consonan-

250 1144 315 1203 tem
346 1141 523 1220 depressam
556 1157 623 1198 esse
646 1156 674 1199 r.
701 1136 774 1198 250.
821 1137 916 1216 atque
949 1135 982 1196 in
1006 1132 1111 1198 Ovidii
1143 1155 1224 1216 quae
1250 1133 1402 1198 feruntur

249 1241 440 1306 Halieuticis
462 1241 579 1305 milcas
601 1238 794 1322 bisyllabum
817 1239 915 1303 efficit
937 1260 965 1301 v.
989 1237 1041 1300 95.
1077 1235 1156 1301 talia
1177 1238 1278 1323 igitur
1300 1237 1402 1302 Sene-

250 1368 304 1410 cae
326 1346 570 1430 temporibus⁷³)
593 1367 656 1410 non
678 1345 822 1408 inaudita
844 1347 944 1408 erant.

337 1449 423 1527 Quae
457 1450 626 1515 Richterus
661 1451 699 1514 de
731 1450 911 1514 nominibus
944 1448 1081 1532 propriis
1115 1449 1202 1511 velut
1238 1447 1401 1524 Oechalia,

248 1553 390 1632 Electra,
415 1555 565 1620 Phaedra
588 1556 673 1619 etde
695 1575 712 1618 0
735 1554 836 1619 vocali
858 1554 892 1616 in
915 1551 1053 1616 ablativo
1076 1553 1209 1637 gerundi
1232 1574 1305 1617 casu
1327 1575 1399 1618 cor-

249 1666 341 1744 repta
363 1661 552 1743 disputavit,
584 1682 654 1725 curn
677 1657 830 1724 Hercules
854 1655 989 1722 Oetaeus
1020 1655 1071 1720 his
1092 1657 1126 1719 in
1155 1658 1248 1722 rebus
1271 1660 1401 1740 penitus

250 1788 320 1830 cum
344 1764 525 1830 Annaeanis
555 1765 674 1829 fabulis
698 1764 890 1840 consentiat,
923 1761 1041 1825 nullius
1070 1763 1221 1826 momenti
1244 1766 1319 1825 sunt
1346 1762 1398 1846 (cf.

248 1869 379 1934 Richter
400 1873 438 1934 de
462 1870 492 1934 S.
509 1874 548 1934 tr.
566 1892 592 1933 a.
611 1892 641 1952 p.
660 1867 713 1951 15)
726 1868 777 1951 7⁴).

335 1975 397 2038 ΗΟ
415 1977 492 2040 782:
515 1975 567 2039 hic
590 1997 668 2056 rupe
690 1973 784 2050 celsa,
808 1971 909 2036 multa
931 1993 1026 2054 quam
1050 1969 1150 2033 nubes
1172 1968 1257 2048 ferit,

527 2100 645 2142 annosa
668 2077 794 2160 fulgent
816 2076 935 2159 templa
958 2074 1073 2140 Cenaei
1096 2074 1189 2138 loris.

527 2185 563 2244 ut
586 2181 676 2246 stetit
699 2182 738 2243 ad
761 2200 832 2243 aras
855 2200 946 2242 omne
970 2178 1110 2243 votivum
1132 2199 1227 2262 pecus
1250 2201 1275 2242 e.
1292 2201 1323 2262 q.
1342 2201 1369 2243 s.

248 2287 342 2366 poeta
365 2305 436 2347 curn
458 2286 490 2347 in
514 2305 605 2348 versu
630 2285 692 2348 783
715 2283 869 2366 templum
899 2286 1134 2360 commemoret,
1169 2284 1313 2367 sequenti
1338 2306 1396 2348 an-

247 2391 311 2450 tem
342 2409 414 2450 arae
443 2389 633 2453 mentionem
663 2389 775 2467 faciat,
809 2389 1078 2453 continuationem
1109 2389 1262 2453 sermonis
1293 2390 1396 2452 inter·

248 2491 373 2556 mittere
396 2492 528 2557 videtur.
560 2494 642 2558 hanc
664 2499 700 2558 ut
722 2494 912 2573 restitueret,
937 2494 1056 2558 Bittius
1073 2494 1227 2576 templum
1251 2499 1283 2558 et
1305 2515 1395 2558 aram

247 2595 308 2661 hoc
331 2597 400 2660 loco
423 2619 522 2661 unum
544 2599 689 2682 idemque
712 2621 780 2664 esse
795 2602 886 2665 nobis
908 2600 1043 2683 probare
1059 2598 1159 2663 voluit
1175 2596 1270 2679 (Mus.
1288 2594 1393 2661 Rhen.

248 2701 290 2765 34
314 2724 343 2784 p.
368 2703 455 2783 533).
501 2703 555 2767 sed
584 2703 664 2766 mihi
694 2706 821 2788 quidem
850 2706 910 2768 viri
929 2704 1113 2768 doctissimi
1144 2703 1302 2766 sententia
1328 2724 1394 2767 non

246 2804 360 2887 placet.
390 2831 464 2871 nam
493 2810 624 2891 scriptor
646 2832 709 2873 non
740 2809 842 2872 solum
864 2831 950 2872 aram
981 2811 1034 2872 red
1065 2809 1159 2872 etiam
1182 2807 1336 2890 templum
1360 2807 1394 2869 in

244 2909 302 2974 illa
324 2931 402 2993 rupe
426 2913 582 2975 exst'tisse
600 2912 676 2976 dicit
684 2912 734 2995 75).
757 2935 853 2996 quam
875 2911 915 2977 ob
939 2935 1004 2978 rem
1022 2913 1100 2977 bene
1122 2934 1172 2976 res
1195 2934 1228 2976 se
1250 2912 1392 2991 haberet,

246 3014 273 3078 si
296 3015 487 3100 legeremus:
523 3021 569 3079 ‘ut
602 3017 690 3081 stetit
723 3018 762 3079 ad
796 3039 866 3081 aras
899 3017 1011 3100 templi
1044 3015 1158 3080 Cenaei
1187 3013 1272 3080 Iovis
1300 3037 1392 3080 omne
1473 3059 1474 3062 κ

246 3141 271 3183 e.
290 3140 319 3202 q.
336 3119 370 3182 s.'
394 3126 425 3184 et
448 3142 638 3203 quamquam
662 3120 739 3185 haec
754 3122 850 3186 rerba
874 3122 997 3205 (templi
1014 3121 1127 3187 Cenaei
1149 3120 1245 3205 Iovis)
1270 3143 1392 3185 revera

245 3224 278 3287 in
302 3245 393 3287 versu
417 3225 480 3289 784
508 3247 571 3289 non
595 3227 712 3311 scripta
741 3226 893 3304 videmus,
926 3231 1032 3290 tamen
1055 3248 1093 3290 ox
1117 3228 1319 3292 antecedente
1340 3226 1392 3290 fa·
1473 3245 1474 3258 ³

246 3327 304 3390 oile
328 3327 435 3392 audire
457 3351 630 3411 possumus.
664 3333 743 3395 duae
766 3333 864 3414 igitur
892 3336 988 3415 atque
1010 3332 1094 3396 inter
1121 3353 1154 3394 se
1177 3331 1319 3396 diversae
1340 3352 1391 3394 res

246 3437 320 3496 sunt
341 3435 495 3519 templum
528 3440 560 3499 et
582 3459 645 3501 ara.
678 3437 785 3520 itaque
815 3437 909 3501 huius
939 3436 1067 3500 fabulae
1099 3440 1202 3518 poeta,
1236 3459 1308 3500 cum
1330 3433 1390 3499 So·

244 3536 373 3621 phocles
388 3540 542 3622 templum
564 3564 627 3606 non
642 3546 865 3606 commemoret
882 3542 934 3625 (cf.
952 3540 1066 3605 Trach.
1082 3563 1111 3604 v.
1129 3540 1192 3604 238
1208 3544 1240 3604 et
1255 3563 1284 3606 v.
1301 3539 1389 3622 993),

245 3639 285 3704 ab
310 3642 452 3724 exemplo
476 3665 532 3706 suo
555 3646 691 3709 recessit.
722 3668 804 3710 nunc
828 3645 898 3710 vide
922 3666 1030 3708 versus

331 3743 395 3807 ΗΟ
413 3747 473 3809 101
490 3768 578 3830 sqq:
601 3768 656 3811 vos
678 3770 772 3832 pecus
794 3752 896 3832 rapite
919 3750 1005 3812 ocius

245 3885 398 3894 -.——.—-

315 3971 348 4041 ⁷³)
366 3970 484 4025 Placent
501 3973 574 4026 enim
588 3971 658 4025 mihi
672 3971 754 4026 Birtii
772 3972 857 4026 verba
875 3971 957 4024 haec:
975 3973 1127 4029 iaaotaiasc
1138 3973 1297 4028 Haticatica
1317 3971 1387 4026 cac·

242 4059 303 4097 mac
322 4043 403 4096 cimai
420 4047 500 4111 atquc
517 4044 590 4097 edita
608 4049 672 4097 caat
685 4049 750 4110 post
773 4059 874 4096 aonam
892 4041 970 4095 Plini
987 4045 1085 4098 libram
1103 4050 1127 4098 ct
1145 4050 1207 4097 anta
1224 4042 1387 4096 tricesimam

244 4113 357 4166 alteram
373 4129 457 4180 acqac
470 4119 535 4180 post
560 4113 722 4180 Vespasiani
739 4118 850 4166 aetatem
868 4128 951 4180 acqac
969 4121 1031 4168 cate
1048 4114 1201 4168 Neroacam
1236 4111 1289 4178 (De
1310 4109 1386 4164 Hali·

244 4181 343 4236 euticis
363 4180 462 4235 Ovidio
479 4185 580 4251 poetae
598 4183 670 4237 falso
691 4181 839 4250 adscriptis
858 4199 884 4250 p.
907 4183 972 4248 159).

315 4251 349 4318 ⁷⁴)
369 4251 471 4306 addere
488 4268 600 4321 possum
619 4251 756 4306 Phoen.
775 4251 838 4306 558:
856 4253 970 4320 patendo*
982 4254 1103 4320 patriam
1117 4251 1237 4320 perdis?

315 4321 348 4389 ⁷⁶)
367 4337 400 4374 ex
419 4324 518 4390 poetae
543 4321 633 4375 verbis
660 4323 778 4386 (annosa
799 4322 920 4392 falqcat)
943 4322 1080 4388 sequitur,
1110 4325 1142 4375 ut
1168 4321 1306 4392 templum
1332 4319 1385 4374 hoc

242 4392 305 4445 loco
323 4407 381 4444 non
399 4397 511 4458 τέμενος,
531 4392 578 4446 sed
597 4391 756 4446 aedificium
775 4392 820 4446 sit.
