2958 4952
238 513 345 594 itaque
368 530 478 574 censeo
501 510 689 593 particulam
711 510 777 573 sice
800 508 985 572 servandam
1008 529 1083 572 esse
1129 507 1281 572 Hercules
1303 510 1386 572 enim

238 616 372 700 sagittas
390 613 582 678 Philoctetae
605 616 669 690 dat,
693 617 729 677 ut
752 612 815 676 vel
836 610 942 678 hostes
966 612 1033 677 vel
1055 634 1128 676 aves
1150 613 1329 678 interficiat.
1355 617 1388 678 et

237 719 302 803 legi
317 719 400 802 apud
417 719 613 801 Draegerum
632 717 842 801 (Historische
858 717 978 800 Syntax
997 718 1051 781 der
1065 716 1275 782 lateinischen
1290 717 1387 800 Spra·

238 821 324 888 che²
347 823 378 887 H
399 847 430 908 p.
449 822 543 905 148):
576 822 641 885 sive
664 823 750 898 ,oder
772 823 872 885 wenn'
896 823 938 885 ist
962 822 1112 886 auweilen
1135 821 1168 885 in
1191 823 1243 886 vel
1265 823 1292 884 si
1316 822 1388 886 auf·

239 927 373 1005 zulbsen,
398 947 432 990 so
449 927 519 990 dass
535 926 586 989 rel
600 947 662 988 von
680 927 706 989 si
722 930 869 1010 getreunt
883 924 1029 1008 gedacht,
1052 947 1090 988 zu
1105 927 1206 990 einem
1223 925 1316 990 Setae
1331 949 1388 1012 ge-

236 1031 319 1110 hbrt,
335 1052 396 1094 von
413 1032 483 1095 dem
500 1031 555 1094 der
571 1030 843 1114 Bedingungssatz
858 1032 916 1093 mit
931 1032 958 1094 si
974 1029 1126 1114 abh'dngt.
1152 1051 1188 1094 ae
1202 1050 1267 1095 non
1283 1031 1389 1096 solum

236 1136 415 1220 Draegerus
444 1135 521 1218 ipse,
561 1135 616 1198 sed
646 1136 741 1199 etiam
765 1133 870 1198 ouW.
894 1132 1065 1198 Muellerus
1089 1132 1213 1217 (Ueber
1242 1135 1303 1198 den
1329 1132 1389 1198 Ge-

237 1240 356 1304 brauch
379 1261 441 1304 von
464 1240 529 1303 sive
551 1263 581 1324 p.
607 1240 626 1302 9
645 1239 705 1322 sq.)
729 1239 814 1304 locos
837 1239 1043 1322 collegerunt,
1066 1238 1121 1302 ubi
1144 1238 1305 1322 particula
1322 1241 1389 1302 sive

237 1345 372 1408 secundo
394 1342 463 1406 loco
486 1348 612 1408 tantum
627 1349 754 1407 exstans
769 1343 851 1408 hanc
867 1342 1133 1427 significationem
1147 1342 1254 1406 habet.
1279 1341 1388 1407 Muel-

236 1445 295 1510 leri
317 1445 461 1511 libellum
484 1447 511 1510 si
534 1447 679 1531 inspicies
703 1447 796 1512 facile
820 1468 990 1531 cognosces
1005 1445 1391 1546 Terentinm½Horatium

238 1547 321 1634 (ter),
356 1550 544 1634 Vergilium,
579 1550 742 1615 Tibullum
766 1549 852 1635 (bis),
885 1550 1086 1634 Propertium
1110 1550 1191 1634 (ter),
1224 1549 1390 1626 Ovidium,

236 1654 379 1718 Persium
402 1657 533 1720 eandem
554 1655 717 1721 licentiam
739 1660 834 1739 atque
850 1656 997 1719 Herculis
1014 1655 1124 1720 Oetaei
1140 1658 1301 1718 auctorem
1327 1655 1390 1719 sibi

236 1759 424 1841 permisisse.
469 1761 530 1826 hoc
553 1760 652 1846 igitur
681 1783 744 1825 non
772 1764 996 1846 argumentum
1019 1765 1076 1835 est,
1111 1780 1173 1843 quo
1198 1759 1314 1842 aliquis
1339 1759 1389 1823 uti

235 1864 345 1947 possit.
370 1869 514 1935 ceterum.
531 1865 761 1929 eoncedendum
785 1870 833 1928 est
855 1865 1007 1929 Senecam
1022 1864 1177 1947 tragicum
1193 1861 1388 1948 particulam

236 1969 302 2032 sice
323 1969 383 2033 hac
406 1969 638 2053 significatione
661 1968 739 2033 alibi
761 1989 824 2032 non
848 1968 1038 2033 adhibuisse.

323 2069 441 2136 Verisa
464 2073 529 2136 ΗΟ
554 2073 637 2137 1592
661 2076 693 2135 et
717 2073 801 2138 1830
824 2072 931 2151 Leoni,
962 2095 1033 2137 curn
1067 2073 1135 2156 ipse
1158 2072 1279 2136 videret
1301 2072 1386 2136 Her·

238 2172 316 2240 calis
339 2174 448 2240 Oetaei
470 2180 594 2259 poetam
617 2176 667 2241 his
689 2177 767 2241 locis
789 2179 829 2242 ab
859 2199 917 2242 usu
947 2179 1081 2243 aliorum
1107 2197 1171 2240 non
1203 2176 1387 2255 abhorrere,

235 2297 299 2342 non
322 2281 472 2344 afferendi
495 2280 646 2363 erant⁸⁸l
977 2281 982 2292 ’

355 2383 419 2448 ΗΟ
442 2386 542 2450 176οε
577 2409 596 2450 o
619 2389 746 2469 quanta,
770 2385 876 2464 Titan,
900 2387 946 2450 ad
969 2386 1051 2450 nihil
1074 2385 1172 2449 moles
1195 2385 1272 2449 abit.

102 2537 104 2542 .
236 2486 434 2570 Apraebet:
458 2490 492 2552 in
514 2489 606 2555 nihil.
652 2489 714 2553 Leo
737 2491 901 2554 adnotavit
924 2488 952 2572 (Ι
975 2512 1005 2572 p.
1029 2490 1101 2572 63):
1132 2494 1264 2555 nacerat
1286 2491 1386 2554 inter-

228 2592 358 2672 polator
388 2593 443 2678 (sc.
467 2599 562 2657 antor
583 2595 727 2659 lectionis
749 2593 795 2675 A)
820 2599 1013 2658 constantem
1034 2593 1169 2658 Senecae
1184 2593 1386 2675 aliorumque

236 2715 346 2771 nsnm3
366 2699 539 2778 praecipue
562 2719 599 2763 en
626 2699 733 2763 Ouidii
755 2698 1094 2778 transformationibns
1116 2699 1316 2762 notissimam
1338 2703 1384 2760 est

236 2799 374 2864 abeundi
394 2803 522 2873 ,verbnm
545 2804 701 2867 translato
737 2823 840 2882 sensa,
875 2803 958 2884 qnod
991 2804 1074 2867 iden
1106 2803 1262 2886 sipnificat
1299 2803 1386 2883 qnod

236 2905 365 2979 mutari,
389 2924 458 2991 carn
480 2906 515 2970 in
542 2907 782 2986 praepositione
813 2907 1020 2970 coninnclnrn.
1066 2907 1145 2971 mihi
1176 2927 1240 2970 non
1270 2907 1386 2969 verisi-

235 3006 310 3070 mile
335 3007 459 3072 videtur
480 3007 540 3073 hoc
561 3010 630 3074 laco
652 3009 741 3074 abire
761 3030 819 3095 pro
842 3013 961 3075 mamni
991 3011 1130 3095 positum
1163 3031 1240 3075 esse.
1286 3011 1385 3074 verba

233 3112 276 3176 ad
297 3112 382 3177 nihil
404 3114 491 3178 adire
524 3135 579 3197 per
612 3114 794 3197 analogiam
826 3120 897 3179 orta
930 3119 1005 3178 sunt
1039 3139 1077 3180 ex
1110 3116 1270 3180 locutione
1300 3135 1384 3198 quae

233 3217 295 3281 fuit
317 3218 406 3281 abire
429 3218 473 3282 ad
490 3219 613 3299 plnres,
637 3220 680 3283 aa
695 3218 816 3299 inferos
833 3218 887 3302 (=
904 3220 999 3303 anari)
1012 3220 1064 3304 ⁸⁹).
1110 3220 1258 3284 similiter
1273 3218 1384 3283 Cicero

233 3322 310 3386 dicit
338 3322 429 3386 Tusa.
453 3321 469 3386 I
492 3324 510 3405 ἓ
535 3325 592 3387 32:
628 3326 710 3389 abiit
741 3324 784 3388 ad
811 3326 886 3389 deos
908 3323 1073 3390 Hercules.
1118 3329 1257 3390 ceterum
1286 3344 1325 3386 ne
1350 3322 1385 3386 id

234 3426 361 3509 quidem
384 3427 450 3491 veri
472 3428 625 3492 dissimile
647 3433 696 3494 est
718 3429 778 3494 hoc
800 3431 868 3494 loco
890 3431 1153 3514 praepositionem
1176 3429 1227 3507 ad,
1250 3449 1332 3511 quae
1349 3428 1383 3490 in

237 3531 396 3594 codicibus
429 3532 636 3597 deterioribus
666 3555 729 3597 non
756 3534 875 3599 tradita
905 3539 961 3610 est,
990 3532 1129 3598 librariis
1160 3532 1384 3616 imputandam

234 3654 311 3710 esse,
334 3637 519 3715 praesertim
542 3659 613 3701 cum
627 3638 691 3702 ΗΟ
707 3639 770 3704 962
794 3638 839 3720 (in
863 3638 943 3702 banc
966 3638 1053 3702 abire
1067 3637 1231 3718 coninpnrn
1254 3634 1382 3699 tundam

233 3735 317 3819 libet)
331 3736 461 3802 verbum
477 3739 621 3817 abeundi,
639 3762 830 3825 quamquam
847 3762 972 3805 sensum
988 3739 1179 3805 translatum
1191 3738 1382 3816 nonhabet,

234 3843 341 3903 tamen
364 3861 435 3905 cum
457 3844 492 3905 in
515 3843 717 3908 coniunctum
740 3845 791 3909 sit.

320 3941 432 4027 Neque
453 3945 526 4030 plus
542 3948 627 4012 valet
641 3950 726 4033 quod
750 3948 848 4031 bis⁹⁰)
874 3951 907 4012 in
923 3947 983 4014 ΗΟ
1007 3949 1083 4033 (975
1106 3955 1193 4030 ieqne
1215 3950 1381 4032 lanpuenii

300 4097 335 4166 ⁸⁸)
355 4097 411 4152 ΗΟ
429 4099 497 4154 1592
515 4098 662 4154 Richterus
682 4101 802 4154 fortasse
821 4102 894 4155 recte
912 4103 1033 4157 coniecit
1051 4102 1205 4172 iera-pendens
1223 4107 1253 4157 et
1272 4103 1309 4156 ad
1323 4101 1378 4156 ΗΟ

233 4166 302 4222 1830
322 4169 525 4236 comparandus
547 4171 590 4224 est
602 4171 653 4239 Hf.
666 4170 734 4224 605:
754 4183 834 4239 acque
851 4172 879 4225 in
899 4173 1000 4228 labores
1018 4189 1071 4227 non
1089 4173 1158 4227 salis
1176 4185 1264 4228 terrae
1273 4177 1376 4244 patent.

235 4307 284 4362 168
302 4235 394 4359 819(ξῇ
415 4238 482 4303 Birt,
512 4240 568 4292 Das
591 4241 742 4304 Arvallied,
769 4242 871 4295 Archiv
898 4243 944 4295 fur
963 4243 1189 4312 Lexikographie
1206 4241 1246 4296 XI
1266 4260 1294 4312 p.
1316 4243 1376 4306 165,

306 4375 341 4445 ⁹⁰)
361 4375 468 4430 iniuria
498 4377 553 4430 huc
580 4377 690 4432 rettulit
715 4377 770 4434 Leo
797 4380 854 4435 ΗΟ
875 4381 956 4443 1500,
988 4379 1039 4433 ubi
1060 4381 1146 4450 vulgo
1173 4380 1278 4450 legitur
1312 4379 1367 4436 siae
