2958 4952
854 321 875 382 4

292 495 527 582 propensiorem
549 516 616 559 esse
637 496 671 557 in
686 498 809 577 partem
825 513 931 556 eorum
947 494 1001 574 qui
1016 491 1185 574 genuinam
1208 514 1277 556 eam
1293 514 1363 558 esse
1388 517 1439 558 as-

291 603 446 676 severent3
477 602 559 663 certe
581 601 675 666 unius
697 603 809 682 poetae
831 619 907 662 esse.
939 597 1046 681 itaque
1068 599 1192 682 rogavit
1215 621 1265 663 me
1287 601 1336 663 vir
1362 591 1460 665 doc-³

292 707 441 783 tissimus,
464 710 500 769 ut
522 706 588 788 ipse
611 703 824 789 queqqeghuic
839 702 1015 786 quaestioni
1029 723 1156 784 operam
1171 725 1328 768 navarem.
1356 726 1440 787 quae

292 832 363 875 cum
385 809 431 872 ita
464 813 580 887 essent,
610 829 805 894 meum-esse
827 807 935 890 putavi
959 807 1060 870 denuo
1082 805 1139 870 has
1161 828 1211 870 res
1235 814 1384 872 excutere
1411 813 1440 872 et

291 915 461 997 disputare,
484 913 669 996 praesertim
693 934 764 978 cum
787 910 940 976 nonnulla
956 933 1005 974 me
1027 909 1182 974 invenisse
1204 913 1363 975 crederem
1388 936 1439 977 ar-

293 1022 443 1100 gumenta
466 1017 566 1082 adhuc
589 1040 607 1080 a
629 1017 705 1080 viris
728 1015 827 1079 doctis
850 1013 1001 1098 neglecta.
1026 1036 1179 1098 quaenam
1195 1019 1268 1079 sunt
1289 1015 1372 1080 haec
1388 1040 1439 1081 ar·

293 1123 465 1206 gumenta?
488 1124 543 1183 aut
565 1119 700 1183 Leonem
724 1122 779 1182 aut
795 1117 965 1182 Melzcrum
987 1121 1070 1182 recte
1093 1118 1207 1182 dixisse
1230 1121 1439 1202 comprobare

289 1225 382 1303 nolo;
417 1224 611 1290 solummodo
641 1226 854 1288 demonstrare
885 1221 1020 1286 conabor
1042 1226 1229 1306 argumenta
1244 1245 1363 1303 eorum,
1383 1227 1439 1308 qui
1459 1259 1460 1268 κ

290 1326 633 1394 Herculem'Oetaeum
656 1332 756 1392 tetam
790 1331 821 1390 et
851 1326 1018 1390 indivisam
1049 1326 1244 1409 tragoediam
1273 1325 1440 1393 aSeneca

290 1435 438 1518 scriptam
461 1453 527 1496 esse
549 1436 678 1516 negant,
700 1453 813 1516 parum
837 1429 951 1495 valere.
990 1451 1142 1513 quaeres
1170 1433 1336 1496 tractanda
1370 1438 1439 1498 tres

289 1538 351 1601 sibi
373 1537 505 1620 requirit
526 1540 643 1619 partes.
665 1537 805 1620 primum
828 1535 912 1598 enim
935 1537 973 1598 de
995 1535 1192 1611 auctoritate,
1216 1537 1284 1599 tum
1307 1537 1345 1599 de
1362 1539 1439 1601 uni·

293 1645 368 1718 tate,
392 1643 520 1706 tertium
543 1643 580 1705 de
603 1641 733 1704 consilio
755 1640 851 1703 huius
866 1638 1047 1724 tragoediae
1062 1660 1219 1721 quaeram.

558 1795 583 1860 I.
616 1795 675 1860 De
708 1795 931 1860 Herculis
964 1798 1160 1859 auctore.

376 1936 452 2012 Quis
473 1937 572 2020 igitur
595 1936 636 1998 sit
658 1941 766 1999 auctor
782 1932 927 1998 Herculis
944 1933 1051 1998 Oetaei
1074 1955 1158 1996 nunc
1173 1934 1438 1999 considerandum

287 2045 343 2107 est.
388 2040 459 2116 Ieo,
484 2040 538 2123 qui
561 2021 641 2103 banc
664 2040 879 2122 quaestionem
901 2058 940 2100 cc
962 2039 1083 2118 integro
1098 2038 1244 2115 instituit,
1261 2058 1438 2122 argumen-

287 2147 437 2210 tationem
462 2165 549 2207 suam
580 2141 691 2225 incipit
713 2142 763 2206 his
786 2164 805 2204 a
827 2142 930 2205 verbis
953 2140 987 2222 (l.
1012 2162 1036 2203 s.
1059 2161 1089 2222 p.
1113 2138 1186 2222 48):
1214 2141 1306 2205 babet
1328 2154 1438 2208 autera

288 2251 362 2314 baec
383 2249 492 2329 fabulo
515 2248 627 2329 quibus
649 2247 695 2312 cel
718 2247 816 2312 obiter
837 2247 973 2310 intuenti
1002 2267 1022 2309 o
1054 2244 1186 2326 reliquis
1217 2247 1347 2328 differre
1383 2251 1436 2312 ci·

291 2353 417 2417 deutur:
441 2351 567 2416 titulum
589 2351 765 2432 antiquitus
783 2349 928 2431 praefert
950 2369 1018 2413 cum
1037 2350 1148 2431 primo
1167 2349 1280 2426 fabulo
1295 2371 1436 2416 commeo
1458 2433 1459 2440 g

287 2479 376 2535 cem,·
399 2458 504 2539 opiter
522 2457 663 2536 primum
684 2456 728 2520 od
755 2453 943 2531 Oechaliam,
969 2453 1042 2518 doio
1067 2453 1235 2532 Trachiam
1259 2455 1346 2519 ctiori
1371 2459 1459 2520 arc-l

286 2560 506 2639 directorium
523 2562 664 2641 spatium
675 2559 805 2640 complet
819 2559 951 2640 reliquis
962 2558 1027 2638 fere
1038 2559 1134 2640 duplo
1150 2559 1335 2639 coeptiorem
1346 2558 1436 2645 (sic).

288 2687 483 2732 communem
514 2665 644 2729 titulum
672 2665 720 2729 vir
750 2665 956 2740 doctissimus,
988 2685 1180 2747 quamquam
1203 2665 1269 2748 ipse
1291 2666 1437 2748 priorem

288 2769 468 2853 tragoediae
489 2773 612 2851 partem
636 2769 677 2850 (v.
705 2768 876 2851 1-740)1)
901 2768 1071 2851 genuinam
1087 2769 1240 2845 aestimat,
1258 2789 1436 2852 argumen-

287 2879 355 2938 tum
381 2893 447 2937 eaae
469 2872 637 2937 contendit.
670 2874 722 2937 sed
745 2892 854 2936 versus
879 2871 1005 2934 1-740
1028 2892 1196 2954 quemnam
1217 2871 1348 2935 titulum
1373 2871 1437 2937 ha-

286 2978 385 3041 bent?
408 2975 529 3041 Birtius
545 2977 600 3061 qui
615 2978 724 3041 traditi
739 2976 921 3040 fabularum
936 2975 1179 3041 Annaeanarum
1195 2977 1311 3040 ordinis
1327 2980 1438 3042 causis

288 3081 482 3146 sciscitandis
504 3081 672 3166 diligenter
704 3103 830 3166 operam
862 3082 947 3146 dedit
979 3079 1072 3164 (Mus.
1096 3078 1197 3145 Rhea.
1221 3081 1262 3144 34
1284 3103 1315 3164 p.
1340 3080 1435 3164 532),

288 3184 458 3249 secundum
480 3207 529 3249 res
552 3189 584 3249 et
605 3186 771 3250 titulorum
804 3189 950 3248 naturam
979 3187 1137 3250 ordinatas
1160 3206 1226 3248 esse
1249 3185 1436 3268 tragoedias

287 3294 370 3354 recte
400 3288 515 3353 dixisse
545 3289 677 3354 videtur.
711 3290 764 3352 sed
796 3310 866 3352 curn
888 3288 1040 3354 Hercules
1071 3289 1151 3353 alter
1173 3293 1205 3352 et
1227 3289 1261 3352 in
1284 3310 1317 3351 re
1342 3294 1374 3352 et
1401 3293 1437 3354 in

286 3394 374 3458 tituli
404 3395 506 3481 forma
528 3417 600 3459 cum
623 3394 823 3458 antecedente
852 3393 962 3460 fabula
990 3397 1117 3479 egregie
1138 3392 1303 3458 concordet
1325 3391 1436 3475 (utro-

287 3498 382 3582 bique
415 3500 497 3563 enim
526 3499 587 3564 viri
617 3520 731 3563 nornen
762 3497 838 3581 est),
871 3520 934 3563 non
966 3503 1013 3561 est
1044 3519 1099 3562 cur
1128 3517 1198 3561 cum
1221 3495 1322 3582 Bittio
1346 3495 1437 3563 Her-

287 3601 387 3666 culem
410 3599 562 3666 Oetaeum
585 3604 723 3684 spuriam
747 3625 814 3666 esse
837 3602 1008 3678 credamus,
1032 3601 1217 3683 pracsertim
1247 3623 1318 3665 cum
1341 3600 1434 3667 Her-

289 3705 353 3769 culi
373 3704 473 3787 priori
495 3703 622 3768 fabulae
643 3707 677 3769 in
699 3696 791 3770 initio
814 3706 935 3788 positae
963 3704 1150 3786 respondeat
1172 3705 1324 3770 Hercules
1348 3705 1436 3772 alter

287 3808 319 3871 in
342 3809 405 3872 fine
428 3812 563 3873 exstans.
586 3815 681 3893 atque
703 3830 774 3873 oum
790 3814 861 3892 post
877 3808 1046 3873 Herculem
1067 3810 1223 3876 furentem
1239 3831 1363 3894 semper
1380 3811 1436 3875 bi-

285 3933 397 3977 narum
419 3911 601 3977 fabularum
623 3913 710 3977 tituli
732 3914 815 3978 inter
838 3935 871 3979 se
893 3919 1079 3998 congruant,
1101 3937 1164 3980 non
1187 3913 1344 3978 versimile
1361 3935 1436 3979 esse

286 4016 366 4080 mihi
388 4017 514 4099 quidem
535 4017 659 4082 ridetur
682 4018 851 4101 Thyestem
872 4039 936 4083 non
958 4019 1074 4084 habere
1097 4042 1160 4104 quo
1177 4023 1308 4103 spectet.
1333 4039 1434 4100 prae-

287 4125 374 4185 terea
387 4120 557 4185 Herculem
569 4119 721 4186 Oetaeum
737 4143 800 4186 non
822 4123 951 4188 unicum
973 4124 1151 4208 exemplum
1174 4145 1242 4188 esse
1264 4126 1342 4206 puto
1364 4143 1433 4205 quo

286 4226 439 4291 indicetur
461 4226 594 4290 eundem
615 4231 741 4310 poetam
763 4228 840 4292 duas
864 4229 1041 4313 tragoedias
1070 4230 1177 4293 eodem
1205 4227 1300 4292 titulo
1333 4247 1431 4308 prae·

356 4373 379 4440 ¹)
398 4369 527 4426 Numerio
545 4387 563 4424 a
580 4371 709 4426 Richtero
727 4370 834 4426 editore
852 4372 988 4426 adhibitis
1006 4389 1067 4424 sum
1087 4388 1160 4426 usus.
