2958 4952
616 313 657 376 57

59 492 188 558 Seneka
210 491 303 556 meist
325 491 384 554 den
408 488 558 574 Singular
581 490 645 554 und
667 488 774 552 wurde
797 488 852 553 ihn
874 490 955 552 auch
978 490 1010 552 in
1034 490 1088 554 der
1103 486 1210 553 Mehr-

59 596 137 663 zahl
158 597 212 660 der
228 595 441 679 angefdhrten
454 590 573 658 Stellen
590 594 782 677 angewandt
795 592 908 658 haben.
941 594 1133 678 vituperavit
1148 595 1210 678 igi·

59 709 115 768 tur
140 699 407 784 virdootissimus
432 698 514 781 quod
537 703 630 780 poeta
653 697 807 781 pluralem
824 698 994 784 singularis
1010 699 1079 762 loco
1095 701 1209 782 posuit,

59 830 138 872 nam
153 808 186 871 in
200 800 383 869 uniuersum
400 803 427 866 si
441 825 507 868 rem
523 803 765 878 consideramus,
789 801 906 867 Seneca
921 803 1016 867 huius
1039 804 1122 868 vocis
1137 803 1210 885 plu-

61 911 166 976 ralem
189 910 313 992 saepius
337 908 491 993 singulari
514 909 677 991 usurparit
685 907 737 989 ⁹³).
773 928 843 971 cum
866 906 987 971 Birtius
1010 909 1212 972 contenderet

62 1016 154 1080 Med.
172 1016 224 1093 58,
242 1015 316 1092 484,
339 1014 411 1091 794,
436 1014 551 1077 Placere.
571 1015 644 1093 614,
671 1014 788 1078 Troud.
806 1013 879 1091 772,
903 1013 962 1092 Hf.
981 1014 1075 1090 1241,
1092 1012 1210 1077 Ptoed.

63 1121 129 1184 158
152 1118 309 1204 pluralem
341 1117 519 1182 adhibitum
552 1139 628 1197 esse,
663 1118 738 1202 quia
771 1118 942 1203 singularis
979 1117 1117 1201 intelligi
1149 1137 1212 1181 non

61 1228 182 1308 posset,
205 1222 360 1287 Melzerus
382 1243 447 1285 non
469 1222 572 1286 solum
597 1223 675 1305 llry.
701 1224 763 1289 648
787 1227 819 1287 66
840 1223 901 1304 Ap.
928 1223 1000 1300 602,
1032 1222 1085 1286 sed
1117 1223 1213 1285 etiam

64 1327 152 1392 Med.
170 1328 212 1392 58
235 1333 266 1391 66
284 1327 399 1391 Troud.
419 1327 481 1391 772
497 1327 652 1410 pluralem
671 1349 728 1410 pro
745 1327 901 1410 singulari
916 1327 982 1413 legi
997 1325 1077 1391 dixit
1089 1326 1130 1410 (p.
1145 1326 1212 1406 31).

65 1432 186 1496 Trood.
211 1431 274 1495 766
297 1454 365 1515 sqq.
389 1432 611 1497 Andromacha
646 1432 749 1496 filium
787 1454 878 1497 suum
909 1433 1091 1515 alloquitur,
1122 1452 1215 1514 quem

63 1559 141 1601 mox
165 1541 308 1600 necatum
330 1538 370 1600 iri
393 1537 460 1601 seit.
483 1558 519 1600 ac
541 1556 733 1620 magnopere
754 1536 945 1601 lamentatur
967 1538 1081 1600 misera
1104 1539 1213 1611 mater,

64 1642 151 1726 quod
175 1641 397 1706 Scamandrius
420 1663 595 1724 numquam
618 1662 673 1704 rex
696 1645 728 1704 et
750 1641 893 1705 dominus
922 1639 987 1703 fiet.
1026 1640 1101 1703 dicit
1132 1639 1215 1702 enim

64 1769 92 1810 v.
119 1745 205 1810 771;

300 1847 397 1913 111666
418 1870 482 1912 nou
504 1854 540 1912 tu
564 1852 686 1930 sceptra
708 1849 808 1934 regali
831 1852 943 1932 potens

300 1955 440 2040 gestabis
464 1954 546 2033 aula,
569 1955 638 2018 iura
660 1975 717 2018 nec
738 1952 912 2038 populis
936 1952 1023 2016 dabis

299 2061 461 2142 victasque
483 2063 593 2144 gentes
616 2059 674 2123 sub
697 2067 788 2123 tuum
811 2059 917 2122 mittes
939 2057 1060 2142 iugum,

299 2187 362 2229 non
385 2162 480 2227 Graia
502 2165 611 2228 caedes
634 2169 734 2248 terga,
757 2183 821 2225 non
844 2161 1000 2245 Pyrrhum
1023 2163 1140 2226 trahes,

66 2293 145 2335 sane
167 2270 269 2334 Birtio
292 2270 523 2334 concedendum
546 2275 592 2333 est
616 2269 675 2331 hoc
697 2269 764 2332 loco
780 2265 972 2350 singularem
984 2266 1105 2346 populo
1121 2264 1217 2328 intel-

66 2376 133 2459 legi
158 2397 221 2438 non
244 2375 404 2456 potuisse3
429 2396 503 2438 nam
519 2372 740 2438 Andromacha
762 2392 825 2436 non
848 2374 913 2433 tam
937 2371 975 2434 de
1000 2370 1137 2434 Troiano
1160 2391 1216 2451 po·

66 2479 147 2564 pulo
163 2502 258 2563 quam
282 2481 319 2544 de
342 2479 489 2542 omnibus
513 2481 558 2542 eis
573 2478 701 2562 populis
724 2476 852 2560 cogitat,
878 2496 957 2558 quos
974 2473 1140 2557 Astyanax
1163 2495 1218 2536 rex

67 2587 101 2649 in
125 2585 282 2649 dicionem
303 2587 557 2666 potestatemque
581 2603 669 2646 suam
693 2580 859 2664 redegerit.

159 2688 246 2752 Med.
270 2687 311 2750 56
335 2685 448 2752 chorus
471 2688 574 2753 canit:

282 2793 332 2856 Ad
354 2814 464 2877 regum
486 2791 644 2856 thalamos
666 2792 795 2854 numine
816 2810 967 2874 prospero

281 2899 337 2980 qui
352 2897 474 2962 caelum
497 2896 602 2978 superi
624 2894 742 2978 quique
764 2899 880 2978 regunt
894 2893 1011 2957 fretum

280 3004 380 3066 assint
402 3024 474 3067 cum
496 3000 622 3085 populis
645 2999 706 3063 rite
729 2998 920 3063 faventibus.

71 3107 171 3170 etiam
193 3105 253 3170 hoc
279 3106 347 3170 loco
370 3108 507 3172 Birtium
529 3129 625 3189 quam
648 3105 819 3169 Melzerum
850 3103 939 3186 sequi
974 3102 1092 3165 malim.
1126 3100 1220 3164 verba

71 3210 215 3275 enimin
237 3210 419 3274 universum
442 3212 525 3275 dieta
548 3217 631 3275 sunt,
655 3211 763 3293 itaque
787 3231 857 3273 cum
879 3208 1024 3290 legamus
1046 3205 1090 3268 od
1111 3223 1221 3285 regum

71 3312 240 3391 6766165653,
263 3313 421 3396 poscimus
436 3311 591 3394 pluralem
607 3335 676 3378 cam
688 3311 830 3393 populis.
857 3316 964 3375 contra
979 3313 1062 3373 recte
1078 3306 1222 3370 attulisse

73 3418 199 3483 videtur
222 3416 376 3481 Melzerus
399 3416 484 3480 locos
509 3415 587 3497 uua
612 3417 675 3479 648
699 3420 730 3479 66
752 3417 813 3497 Ap.
838 3415 910 3478 602.
943 3434 1001 3476 nec
1023 3413 1136 3474 desunt
1159 3410 1223 3474 alia

74 3521 228 3605 exempla.
253 3521 318 3585 ΗΟ
344 3522 426 3586 1916
450 3524 543 3605 poeta
565 3519 752 3583 Alcmenam
774 3519 896 3583 inducit
927 3519 1130 3600 quaerentem
1159 3534 1222 3597 quo

74 3625 145 3690 loco
167 3625 320 3691 Hercules
344 3631 487 3690 mortuus
512 3629 668 3688 versetur:

146 3813 181 3881 18)
200 3814 320 3883 pluralis
338 3817 430 3869 exstat
450 3815 481 3868 in
494 3815 546 3884 Η).
564 3813 661 3868 novies
679 3813 749 3883 (191,
770 3811 829 3874 230,
849 3811 908 3874 293,
930 3811 989 3876 557,
1009 3810 1068 3873 560,
1087 3811 1147 3873 667,
1163 3810 1222 3874 708,

77 3885 137 3948 775,
160 3885 245 3951 1241),
267 3885 419 3954 singularis
438 3889 482 3938 ter
499 3886 570 3953 (169,
588 3885 649 3949 382,
669 3882 748 3950 838);
766 3882 796 3935 in
819 3883 915 3936 Troad.
935 3881 978 3934 516
998 3879 1067 3948 (772,
1091 3881 1168 3944 1137)
1189 3910 1224 3920 --

77 3957 178 4020 quater
197 3953 267 4019 (893,
287 3955 363 4016 1009,
388 3954 463 4017 1083,
484 3956 575 4024 1120);
603 3955 633 4007 in
653 3954 752 4007 Phora.
770 3956 813 4006 ter
832 3953 902 4023 (265,
921 3953 981 4011 325,
1001 3952 1065 4016 614)
1085 3949 1224 4002 -semel

79 4025 167 4093 (551);
194 4024 225 4076 in
245 4024 313 4080 Med.
333 4025 377 4078 ter
404 4023 457 4092 (58,
475 4025 535 4088 484,
557 4025 618 4093 794)
645 4023 742 4077 -bis
760 4023 831 4093 (604,
850 4022 928 4091 977);
955 4022 986 4073 iu
1007 4019 1107 4074 Ptced.
1135 4018 1224 4072 sexies

79 4095 148 4158 (150,
166 4094 225 4156 494,
247 4093 304 4156 529,
326 4094 386 4159 562,
407 4095 465 4157 759,
484 4095 547 4163 911)
565 4125 599 4134 -
617 4093 662 4147 516
681 4094 749 4161 (488,
769 4093 845 4160 983);
876 4091 906 4144 in
928 4089 990 4145 Oed.
1010 4088 1054 4142 516
1072 4089 1142 4156 (573,
1161 4087 1223 4154 607)

79 4193 112 4202 -
131 4163 234 4232 septies
252 4164 306 4234 (33,
326 4163 370 4225 76,
389 4163 449 4227 396,
464 4163 524 4225 589,
538 4165 597 4228 744,
610 4164 668 4224 784,
684 4163 761 4230 874);
780 4162 811 4216 in
824 4162 895 4229 Apu.
909 4160 994 4214 semel
1007 4159 1082 4228 (602)
1094 4189 1129 4198 -
1141 4158 1226 4212 semel

80 4233 169 4302 (181);
198 4233 228 4287 in
251 4234 314 4302 Tap.
334 4233 377 4287 bis
396 4232 449 4303 (88,
472 4232 535 4301 648)
566 4262 599 4272 -
627 4239 715 4287 sexies
735 4231 807 4298 (188,
825 4231 883 4294 204,
910 4231 971 4292 206,
988 4231 1049 4292 411,
1068 4227 1127 4292 644,
1146 4228 1224 4294 875);

81 4302 110 4355 in
128 4302 185 4359 ΗΟ
204 4302 379 4358 duodevicies
408 4304 461 4369 (27,
480 4305 541 4366 420,
561 4301 621 4365 607,
641 4303 699 4367 608,
721 4304 780 4366 612,
802 4303 861 4364 672,
881 4301 940 4362 855,
963 4301 1037 4362 1018,
1059 4297 1224 4361 1335,1536,

83 4373 156 4436 1586,
180 4375 256 4438 1606,
279 4372 443 4438 imulare,
465 4374 540 4437 1871,
562 4372 727 4437 1876,1918‚
747 4373 824 4440 1993)
835 4401 871 4410 -
882 4373 927 4425 ter
939 4370 1027 4438 (1541,
1050 4368 1225 4437 18101824).
