2958 4952
629 295 668 359 17

63 469 110 534 cf.
136 468 248 534 Horat.
273 470 362 552 epod.
383 467 433 546 14,
450 469 487 532 3:

267 573 385 637 Pocula
407 571 562 636 Lethaeos
584 577 620 637 ut
643 574 670 636 si
693 573 839 638 ducentia
864 595 990 640 somnos

268 682 375 744 arente
398 679 490 742 fauce
514 681 662 743 traxerim

64 787 101 846 et
126 781 219 848 Ovid.
242 781 369 848 Metam.
394 781 427 846 II
452 782 534 846 735:

202 892 238 951 ut
260 893 342 952 teres
364 890 399 952 in
422 888 542 965 dextra,
567 909 630 970 qua
652 908 778 952 somnos
801 888 888 953 ducit
910 893 943 952 et
965 893 1059 961 arcet,

201 993 293 1076 virga
317 995 370 1056 sit.

65 1097 179 1181 itaque
201 1101 295 1179 poeta
317 1117 379 1160 non
403 1097 480 1162 dicit
501 1096 673 1179 caespitem
695 1097 839 1175 dormire,
863 1099 917 1162 sed
940 1100 1053 1180 sopire.

157 1200 235 1265 Post
257 1199 295 1262 D.
313 1200 485 1265 Heinsium
508 1197 662 1264 Swoboda
692 1200 844 1264 nonnulla
872 1202 992 1265 invenit
1022 1223 1103 1284 quae
1131 1203 1217 1266 vitu-

65 1310 195 1391 peraret
209 1305 259 1388 ²⁷).
292 1304 386 1369 huius
410 1305 470 1370 viri
493 1304 665 1369 doctissimi
687 1327 766 1387 opus
782 1306 895 1388 ipsum,
919 1307 1003 1389 quod
1026 1310 1061 1369 ut
1084 1328 1122 1370 ex
1144 1305 1215 1369 bib-

66 1413 215 1477 liothecis
238 1415 398 1474 mutuarer
422 1409 500 1473 mihi
523 1430 584 1472 non
615 1410 758 1492 contigit,
789 1430 839 1474 me
861 1431 924 1473 non
947 1409 1121 1492 inspexisse
1143 1431 1217 1474 con-

66 1516 171 1580 fiteor.
195 1515 249 1579 sed
265 1513 419 1578 Melzerus
435 1511 607 1577 Swobodae
629 1518 824 1596 argumenta,
849 1535 928 1596 quae
943 1514 1062 1578 diluere
1085 1514 1216 1592 studuit,

69 1620 181 1686 attulit
211 1642 242 1703 p.
268 1620 318 1683 26.
351 1639 387 1681 ac
420 1639 520 1701 pauca
553 1618 680 1682 Melzeri
710 1618 814 1682 verbis
847 1617 926 1682 mihi
959 1619 1100 1683 addenda
1133 1622 1215 1681 sunt.

67 1724 226 1790 Swoboda
256 1745 350 1808 aegre
381 1723 456 1787 tulit
488 1721 531 1804 (p.
554 1722 650 1804 335),
685 1724 770 1806 quod
804 1721 956 1786 Hercules
985 1721 1049 1786 ΗΟ
1080 1723 1121 1786 80
1146 1745 1214 1806 sqq.

65 1830 169 1896 stulta
192 1833 224 1893 et
246 1827 378 1894 ridicula
399 1827 573 1909 promittat.
598 1824 694 1889 simili
717 1847 755 1888 ex
778 1847 873 1889 causa
894 1825 996 1890 haesit
1019 1829 1052 1889 in
1074 1826 1215 1890 versibus

70 1936 155 1999 1741
178 1956 245 2018 sqq.
277 1933 321 2016 (p.
346 1930 433 2013 348).
467 1931 593 2013 poetam
624 1932 729 1993 autern
764 1930 907 1993 consulto
937 1930 1107 1994 Herculem
1138 1931 1216 1994 adeo

65 2042 329 2105 intumescentem
350 2034 511 2099 induxisse
533 2032 619 2098 intra
640 2034 745 2098 studui
769 2034 902 2116 probare
925 2034 966 2118 (p.
991 2035 1087 2116 tert).

156 2142 254 2208 Aliud
274 2145 496 2226 argumentum
519 2148 567 2205 est
588 2140 665 2205 hoc:
689 2139 752 2204 ΗΟ
777 2141 840 2205 907
857 2163 903 2224 sq.
928 2142 968 2206 ab
990 2141 1045 2218 ΗΓ
1056 2142 1139 2206 1341
1156 2164 1213 2225 sq..

67 2272 143 2315 cum
165 2249 216 2311 hic
231 2247 375 2324 Athenis,
399 2247 465 2311 illio
488 2244 643 2330 Cinyphio
667 2246 754 2310 fonte
776 2244 931 2310 Hercules
949 2245 1097 2329 Megarae
1120 2249 1151 2308 et
1173 2245 1213 2309 li·

67 2354 217 2416 berorum
239 2352 365 2416 caedem
389 2351 530 2433 expiasse
545 2351 674 2426 feratur,
698 2351 743 2414 ita
758 2351 911 2424 dissentit,
935 2354 971 2413 ut
992 2371 1072 2412 unus
1096 2351 1213 2413 utrius·

66 2479 131 2541 que
143 2457 269 2522 fabulae
285 2461 394 2520 auctor
410 2456 506 2519 statui
522 2477 582 2518 non
599 2454 699 2539 possit
716 2455 759 2537 (p.
771 2454 858 2537 343).
875 2456 938 2517 iam
950 2451 1103 2520 Melzerus
1119 2455 1213 2518 etiam

66 2564 102 2626 in
118 2561 228 2624 ceteris
244 2560 417 2644 tragoediis
433 2560 511 2622 tales
533 2559 704 2622 sententias
726 2560 809 2623 inter
831 2581 864 2622 se
878 2563 1058 2642 pugnantes
1080 2557 1214 2622 inveniri

66 2671 199 2731 conatus
232 2672 279 2730 est
308 2666 530 2729 demonstrare.
562 2664 616 2727 sed
639 2664 793 2745 optimum
817 2663 1004 2746 exemplum,
1028 2664 1111 2745 quod
1134 2661 1213 2726 vidit

66 2770 109 2836 A.
133 2768 206 2834 Pais
229 2769 271 2853 (ΙΙ
293 2772 398 2833 teatro
422 2770 453 2832 di
475 2767 592 2834 Seneca
615 2790 645 2851 p.
664 2767 729 2850 83),
755 2775 802 2833 est
825 2768 900 2834 hoc:
925 2767 1048 2832 Iocasta
1071 2767 1147 2833 dicit
1229 2825 1231 2830 .

157 2873 231 2938 Oed.
255 2875 358 2937 1034:
592 2872 652 2937 hoc
673 2872 755 2937 iacet
778 2875 893 2938 ferro
916 2895 1003 2937 meus

383 2979 520 3043 coniunx

67 3086 101 3148 et
123 3083 267 3147 similiter
290 3081 428 3167 Oedipus
451 3083 591 3167 loquitur

154 3185 270 3251 Phoeu.
289 3189 367 3251 105:
392 3209 536 3251 ensem
558 3187 683 3269 parenti
705 3188 809 3264 trade,
840 3188 894 3251 sed
917 3189 1028 3250 notum
1049 3205 1125 3248 nece

391 3313 537 3354 ensem
559 3297 699 3374 peteme.

66 3399 132 3461 iam
154 3397 243 3480 legas
266 3392 435 3477 Oedipodis
458 3395 554 3457 verba

158 3499 230 3564 Oen.
249 3499 329 3564 768:
353 3500 435 3563 redit
456 3498 608 3562 memoria
629 3503 722 3561 tenue
743 3519 800 3581 per
823 3496 993 3580 vestigium

351 3603 497 3667 cecidisse
518 3601 619 3666 nostri
641 3599 832 3684 stipitis
855 3600 948 3682 pulsu
971 3599 1099 3664 obvium

352 3708 522 3791 datumque
546 3705 612 3770 Diti
636 3728 662 3769 e.
686 3727 716 3790 q.
739 3729 762 3769 s.

68 3837 151 3881 nunc
172 3835 255 3891 ense,
288 3833 371 3876 nunc
404 3813 512 3897 stipite
544 3811 656 3877 Laium
679 3833 698 3874 a
721 3811 787 3874 filio
815 3830 871 3874 suo
904 3806 1106 3872 interfectum
1140 3829 1207 3872 essa

68 3923 160 4004 poeta
181 3917 266 3984 dicit.
290 3938 526 4002 nonnumquam
549 3918 649 4002 igitur
664 3915 782 3981 Seneca
804 3937 875 3978 curn
897 3935 931 3976 se
952 3913 1021 3996 ipso
1042 3913 1207 3994 discrepat.

152 4020 271 4086 Versus
300 4041 373 4085 vero
395 4020 460 4085 ΗΟ
485 4021 698 4086 1036-1099
729 4021 770 4084 ab
792 4018 918 4082 homine
947 4014 1154 4081 insulsissimo
1177 4019 1208 4078 et

69 4127 289 4192 absurdissimo
327 4127 460 4208 scriptos
494 4147 561 4189 esse
596 4125 763 4190 (ioebelius
800 4141 1010 4206 praepropere
1047 4119 1208 4182 contendit

138 4279 170 4348 ¹⁷)
189 4279 218 4333 L.
238 4281 270 4332 Δ.
290 4277 409 4331 Senecas
427 4274 601 4346 Tragoedien
628 4275 768 4329 fibersetzt
792 4273 850 4326 und
867 4273 1010 4334 erltutert,
1029 4271 1112 4325 Wien
1131 4270 1207 4334 1830,

68 4349 105 4403 nr
123 4369 149 4420 p.
167 4350 218 4405 aas
237 4364 296 4416 sqq.
981 4429 998 4482 2
