2958 4952
663 307 680 370 7

185 481 273 546 Med.
297 483 379 546 431:
403 504 422 546 0
446 482 523 545 dure
545 480 613 546 fala
636 502 760 564 semper
782 484 814 544 el
837 486 953 545 sortem
977 502 1119 563 asperam

409 585 525 650 Troud.
552 586 695 650 1056:0
729 586 807 650 dura
837 585 905 649 fala
936 605 1028 649 saeva
1066 585 1244 650 miseranda

593 690 724 755 horrida

185 793 270 857 Mecl.
295 794 377 859 432:
402 815 473 858 cum
498 795 599 858 saevit
620 798 654 858 et
676 815 747 856 cum
769 794 870 875 parcit

364 896 482 962 Ploem.
508 900 569 962 35:
593 919 662 963 cum
687 899 802 964 occidis
824 901 856 962 ei
879 919 949 961 cum
972 899 1074 980 parcis

185 999 271 1065 Med.
295 999 375 1065 446:
400 1005 486 1067 icius
509 1002 542 1065 in
565 1003 657 1067 vultu
679 1007 727 1067 esi
750 1003 838 1067 dolor

363 1105 424 1188 Ay.
449 1108 526 1172 128:
552 1112 637 1172 tolus
659 1108 692 1172 in
714 1106 806 1172 vultu
828 1111 877 1171 est
899 1107 988 1170 dolor

184 1209 269 1274 Med.
293 1211 371 1275 493:
395 1211 470 1276 dum
492 1212 566 1276 licei
590 1213 686 1290 abire,
710 1213 845 1296 profuge
866 1217 961 1294 teque
984 1210 1057 1275 hine
1081 1210 1164 1294 eripe

367 1315 444 1398 Tay.
469 1316 548 1382 428:
572 1316 697 1381 reflecte
710 1316 948 1401 gressum‚dum
959 1315 1040 1390 licei,
1053 1319 1147 1397 leque
1159 1314 1243 1396 eripe

185 1417 272 1483 Meu.
297 1419 379 1484 531:
402 1443 484 1485 nunc
508 1442 629 1485 summe
652 1425 721 1484 tolo
745 1420 887 1504 luppiter
911 1418 996 1483 caelo
1018 1425 1093 1484 lena

364 1523 424 1603 Hf.
451 1527 553 1590 1202:
577 1547 660 1590 nunc
682 1529 773 1609 parle
796 1525 835 1588 ab
860 1527 954 1601 omni,
977 1524 1111 1607 genitor,
1143 1525 1243 1588 iratus
1286 1555 1289 1564 ·

577 1636 653 1695 iona

187 1729 271 1796 Mecl.
297 1732 375 1795 550:
400 1732 479 1796 bene
502 1736 559 1809 esi,
582 1737 709 1796 tenetur

365 1835 482 1901 Troad.
508 1837 590 1900 630:
613 1835 692 1899 bene
715 1839 772 1912 est,
795 1839 920 1900 ieuelur

184 1940 270 2004 Med.
296 1943 373 2006 561:
399 1942 568 2004 excidimus
591 1941 671 2004 libi?

365 2044 428 2110 ΗΟ
452 2048 554 2112 1332:
578 2045 750 2110 excidimus
773 2044 856 2108 tibi?

184 2149 272 2214 Med.
297 2151 379 2214 652:
404 2152 548 2234 quamvis
571 2151 651 2214 bene
672 2151 739 2214 faia
762 2154 867 2215 nessei

363 2254 482 2320 Pluere.
508 2257 567 2321 83:
590 2257 659 2320 fala
680 2254 761 2319 bene
784 2255 858 2318 novi
880 2276 950 2319 mea

186 2360 273 2425 Mecl.
299 2361 378 2425 896:
401 2383 475 2445 pars
499 2361 629 2426 ultionis
652 2363 714 2424 ista
737 2382 800 2443 qua
820 2360 941 2442 gaudes
958 2364 1057 2442 quola
1073 2361 1140 2423 esi?

385 2465 443 2543 Hf.
471 2466 569 2530 1191:
603 2463 700 2528 cledis
731 2468 805 2527 luae
838 2485 911 2545 pars
944 2463 1006 2526 ista
1035 2484 1130 2546 quam
1161 2463 1241 2526 nosi'

310 2641 316 2655 ²
579 2573 676 2652 quola
699 2570 769 2631 est?

184 2673 270 2738 Med.
296 2675 375 2738 945:
400 2673 527 2737 unicum
551 2671 687 2738 afflictae
710 2672 821 2736 domus

388 2776 504 2840 Troud.
518 2777 599 2840 462:
623 2778 715 2841 unice
738 2775 875 2840 afflictae
901 2773 1012 2838 domus

184 2882 272 2946 Med.
298 2883 400 2946 1019:
425 2882 505 2946 bene
528 2884 585 2962 est,
610 2885 771 2963 peractum
796 2884 844 2944 esi

387 2984 462 3049 Oecl.
488 2986 566 3049 998:
591 2985 670 3049 bene
693 2985 798 3061 habel,
821 2988 984 3066 peractum
1009 2989 1064 3048 eei.

183 3090 251 3155 Hos
274 3091 358 3154 locos
381 3090 407 3153 si
423 3090 553 3154 vidisset
569 3089 738 3154 Richterus
753 3089 817 3172 qui,
837 3111 909 3154 cum
924 3090 956 3153 in
973 3087 1109 3153 Hercule
1125 3085 1242 3154 Oetaeo

97 3196 167 3259 ocio
182 3197 307 3258 tarium
329 3195 497 3257 versiculos
518 3195 672 3259 imitando
695 3193 821 3257 effectos
845 3197 966 3258 exstare
988 3193 1178 3270 credidisset,
1194 3194 1241 3257 di-

96 3318 166 3362 cere
188 3300 251 3362 iam
274 3319 369 3362 ausus
393 3300 441 3360 esi
465 3297 497 3379 (l.
523 3317 546 3362 ι.
571 3321 601 3381 p.
627 3298 699 3375 30):
723 3298 897 3360 imilulcris
919 3296 1117 3360 imbecillitas
1139 3296 1186 3361 cel
1208 3318 1242 3362 eo

95 3423 129 3468 se
145 3401 262 3483 modii,
287 3401 368 3482 quod
389 3400 491 3464 mmllu
521 3421 559 3464 ea
590 3401 668 3464 aliis
695 3399 824 3479 fabalia,
855 3400 1018 3478 imprimis
1047 3421 1084 3463 ex
1106 3401 1242 3466 Hercule

91 3508 212 3589 priore,
235 3508 272 3570 m
293 3526 387 3570 usum
410 3524 504 3570 summ
526 3505 684 3582 commitit,
709 3507 764 3568 aui
784 3503 887 3568 uerbis
910 3504 1083 3568 imitatoris
1105 3505 1243 3570 imbecil-

97 3613 174 3676 lilcs
196 3633 256 3676 non
281 3635 355 3676 usus
377 3617 468 3691 esset,
492 3616 548 3676 aui
570 3609 714 3675 Medeam
737 3632 861 3693 quoque
885 3611 1026 3694 spuriam
1058 3613 1241 3695 putavisset.

96 3716 204 3798 itaque
227 3716 254 3780 si
276 3715 388 3781 Medea
411 3717 550 3800 genuina
580 3719 627 3780 esi
658 3715 776 3791 fabula,
812 3715 909 3780 eliam
932 3717 1084 3782 Hercules
1108 3716 1243 3782 Oetaeus

97 3844 116 3884 a
139 3817 254 3884 Seneca
276 3821 394 3903 scripta
417 3842 483 3886 esse
504 3825 617 3906 polest.

184 3921 244 3987 Sed
266 3945 306 3990 ne
328 3925 411 3988 dices
433 3948 497 3990 non
520 3926 597 3991 selis
619 3925 787 4009 diligenter
809 3946 859 3988 me
880 3926 940 3990 hac
963 3925 997 3988 in
1026 3946 1060 3988 re
1082 3929 1242 3990 versalum

97 4049 173 4107 esse,
197 4050 303 4093 versus
326 4030 389 4092 iam
413 4028 509 4093 affero
533 4030 608 4095 hos:

183 4131 240 4210 Hf.
266 4134 327 4197 46:
352 4154 409 4196 nec
432 4134 509 4197 salis
533 4141 635 4199 terrae
658 4141 768 4216 palent

384 4236 441 4318 ΗΓ.
467 4237 546 4301 605:
570 4261 633 4304 non
657 4240 733 4302 satis
756 4243 859 4302 terrae
882 4239 992 4318 palent

183 4338 268 4404 Med.
296 4341 374 4406 185:
398 4342 511 4406 liberet
533 4341 611 4407 fines
634 4348 719 4407 metu
