2958 4952
811 295 853 359 52

260 471 324 536 ΗΟ
355 472 438 537 1849
469 470 590 553 (aliqua
615 469 730 552 mater)
761 469 949 553 disputavit,
984 492 1003 533 a
1034 466 1137 532 Leone
1165 468 1194 551 (Ι
1208 491 1238 551 p.
1256 467 1308 552 66)
1330 475 1390 532 eta

260 576 397 642 Melzero
421 576 464 661 (p.
482 575 536 658 32)
552 574 722 659 profligata
744 580 818 638 sunt
840 579 871 638 et
886 574 982 638 verba
1004 595 1062 638 sua
1077 573 1116 637 de
1138 574 1280 638 versibus
1296 573 1391 638 1916

261 681 324 745 482
340 682 425 746 facta
439 702 539 763 nuper
553 681 587 743 in
602 680 740 745 editione
754 680 803 744 vir
818 679 1017 743 doctissimus
1032 679 1100 760 ipse
1115 679 1209 741 tacite
1224 679 1257 742 in
1281 677 1391 742 irritum

261 785 441 849 vindicavit.
472 806 529 848 nec
552 784 654 866 magis
677 780 793 861 valent,
818 782 960 865 quaeda
983 781 1020 846 H
1023 782 1048 845 O
1064 781 1128 846 520
1151 780 1284 866 (tabum)
1308 782 1390 846 disse·

261 887 326 953 ruit
349 889 404 969 (cf.
420 887 482 952 Leo
497 888 529 952 II
544 909 575 970 p.
592 885 678 969 383).

349 991 495 1057 8666666
517 992 648 1056 verbum
671 1013 727 1075 pro
748 991 935 1071 praedicuri
957 992 1095 1074 positum
1119 990 1197 1075 (Ηο
1212 989 1289 1073 692)
1313 1011 1392 1074 aegre

260 1096 401 1160 tulerunt
427 1095 594 1160 Richterus
623 1094 666 1178 (p.
684 1093 738 1177 26)
767 1098 799 1160 et
825 1095 945 1159 Bittius
971 1097 1013 1179 (p.
1032 1094 1119 1178 516).
1161 1093 1292 1159 Ovidius
1308 1094 1393 1177 scrip·

260 1202 302 1264 sit
310 1200 351 1283 84)
374 1206 402 1264 te
424 1201 566 1264 carmina
588 1205 697 1264 costra
718 1199 875 1264 sonabunt
902 1198 1027 1283 (unsere
1051 1198 1161 1264 Lieder
1187 1201 1312 1263 werden
1335 1199 1394 1261 dich

259 1303 412 1387 praiaco),
452 1305 535 1385 apud
558 1303 707 1368 Senecam
744 1304 879 1388 legimus
910 1302 999 1384 (Oed.
1031 1303 1127 1386 402);
1166 1325 1293 1370 carmen
1320 1308 1395 1368 6666

261 1408 324 1492 (eiu
361 1408 437 1472 Lied
484 1410 543 1474 soll
582 1431 745 1496 gesungen
776 1409 925 1491 werden).
976 1409 1068 1475 modo
1100 1408 1200 1491 igitur
1230 1410 1393 1486 transitive,

259 1513 353 1576 modo
389 1513 588 1580 intransitive
627 1520 811 1598 usurpatum
848 1518 895 1578 est
933 1535 1053 1578 sonare.
1107 1519 1202 1597 atque
1225 1536 1297 1579 cum
1319 1513 1395 1578 Mar·

258 1615 344 1682 tialis
378 1617 461 1683 dicat
493 1616 509 1682 I
535 1620 586 1697 61,
613 1620 646 1683 6:
681 1619 812 1683 Nasone
840 1619 988 1701 Paeligni
1023 1623 1138 1683 sonant
1167 1618 1230 1700 (die
1258 1617 1395 1703 Ptiligner

259 1722 383 1786 werden
414 1743 525 1806 wegcn
547 1721 635 1788 Naso
657 1722 845 1808 gepriesen)‚
868 1724 979 1788 verba:
1005 1724 1087 1801 felia
1108 1723 1195 1788 clius
1216 1741 1395 1806 magnosque

259 1832 347 1890 sonet
374 1827 438 1910 (ein
460 1828 589 1892 anderes
611 1849 685 1912 mag
707 1826 871 1909 glticklich
894 1828 959 1892 und
980 1829 1063 1911 gross
1085 1826 1252 1912 gepriesen
1271 1827 1393 1904 werden)

258 1953 321 1995 non
363 1930 441 1994 adeo
483 1933 562 1994 mira
596 1937 678 1995 sunt.
734 1934 899 2015 praeterea
931 1928 1054 1994 Birtius
1085 1931 1153 2014 ipse
1193 1931 1275 1997 dixit
1310 1933 1394 1996 etiam

259 2035 342 2119 apud
364 2033 590 2100 Nemesianum
624 2055 738 2099 souare
771 2034 855 2099 idem
889 2035 1067 2120 significare
1097 2036 1183 2120 quod
1207 2036 1393 2116 praedicari.

259 2138 380 2203 accedit
390 2140 473 2222 quod
484 2137 571 2203 locus
587 2138 711 2202 nonita
726 2139 804 2202 bene
819 2140 955 2204 traditus
971 2143 1028 2218 est,
1044 2145 1081 2204 ut
1095 2141 1270 2205 certissime
1287 2141 1394 2225 aliquid

261 2243 413 2308 affirmari
427 2244 536 2326 possit.
553 2244 674 2308 codices
690 2244 774 2308 enim
789 2244 958 2310 deteriores
973 2266 1031 2328 pro
1047 2250 1136 2310 sonet
1151 2246 1306 2327 praebent
1319 2243 1393 2308 uolet

308 2341 312 2352 ’
346 2346 444 2412 Porro
466 2349 634 2414 Richterus
657 2351 691 2412 in
714 2349 877 2414 cohaesit
901 2349 943 2434 (p.
963 2349 1028 2433 26),
1051 2350 1135 2433 quod
1150 2348 1214 2413 ΗΟ
1229 2349 1295 2415 668
1322 2347 1396 2413 colus

259 2473 314 2534 per
344 2453 570 2535 synecdochem
600 2475 657 2538 pro
689 2455 765 2520 lanc
794 2460 825 2519 et
850 2455 932 2518 1661
962 2456 1065 2519 aedas
1093 2475 1151 2536 pro
1174 2453 1266 2518 clava
1290 2454 1395 2518 dictum

261 2563 316 2622 est.
363 2558 442 2622 tales
465 2560 688 2624 translationes
711 2559 892 2623 notissimas
915 2562 1010 2642 atque
1032 2557 1178 2623 omnibus
1208 2560 1313 2640 poetis
1341 2557 1396 2620 usi·

260 2661 433 2727 tatissimas
469 2684 536 2728 esse
567 2664 728 2728 contendit
750 2663 905 2726 Melzerus
928 2662 971 2745 (p.
988 2663 1054 2744 31).
1100 2662 1180 2727 addo
1202 2659 1277 2726 Val
1302 2661 1395 2727 Flacci

262 2766 357 2829 verba
379 2766 408 2844 6,
425 2766 504 2831 645:
528 2767 602 2832 dioc
623 2787 791 2849 supremas
813 2768 934 2847 rumpit
956 2767 1069 2848 iniqua
1092 2766 1188 2830 colus.

346 2869 411 2933 ΗΟ
435 2870 517 2933 887;
540 2871 729 2953 quicumque
753 2870 820 2934 fato
842 2871 980 2953 ignoscit
1003 2873 1034 2932 et
1056 2871 1159 2952 parcit
1181 2871 1251 2949 sibi,

347 2971 413 3037 ΗΟ
436 2972 515 3037 982:
810 2973 998 3057 parociam,
1023 2978 1132 3052 mater,
1157 2995 1274 3056 precor.

432 3076 561 3162 ignosce
584 3077 677 3153 fatis;
701 3097 828 3140 errore
851 3076 944 3159 culpa
967 3081 1067 3141 vacat.

262 3180 430 3248 Richterus
464 3182 627 3246 adnotavit
659 3180 701 3265 (p.
722 3181 792 3264 26);
829 3182 990 3264 singulari
1022 3182 1137 3246 666666
1165 3182 1286 3262 phrasi
1309 3185 1397 3264 poeto

257 3289 370 3370 6666,
393 3288 472 3368 fatis
496 3289 630 3370 lycasto,
653 3287 688 3351 id
710 3292 759 3352 cst
773 3287 920 3352 delictam
942 3286 1003 3366 fati
1019 3287 1112 3368 culpo
1127 3288 1328 3352 commissam
1341 3303 1397 3350 666

258 3393 430 3458 vindicare.
477 3391 611 3456 similem
633 3391 737 3456 locum
762 3393 795 3455 in
819 3390 994 3456 Troadibus
1017 3390 1123 3454 inveni
1145 3411 1174 3453 v.
1191 3390 1252 3454 22:

466 3502 531 3562 stat
553 3499 663 3563 avidus
685 3498 752 3561 irae
774 3498 874 3560 victor
896 3500 928 3560 et
949 3493 1070 3559 lentum
1092 3492 1188 3558 Ilium

465 3601 595 3665 metitur
617 3601 716 3666 oculis
739 3624 776 3667 ac
798 3601 904 3665 decem
926 3601 1053 3664 tandem
1076 3598 1162 3664 ferus

465 3706 604 3789 ignoscit
625 3706 725 3770 annis.

258 3809 299 3876 cf.
324 3809 420 3874 etiarn
441 3808 570 3873 Melzeri
591 3808 687 3872 verba
708 3831 739 3891 p.
763 3809 815 3873 33.

344 3913 488 3999 Denique
504 3913 681 3992 Richterus‚
702 3914 757 3998 qui
773 3911 927 3995 Oedipum
943 3933 1067 3996 quoque
1083 3918 1115 3978 et
1129 3912 1396 3997 Agamemnonem

258 4017 381 4084 fabulas
404 4020 526 4103 spurias
549 4017 760 4097 existimabat,
784 4017 894 4082 attulit
917 4016 960 4102 (p.
977 4018 1031 4100 29)
1056 4018 1249 4084 edisserendi
1271 4015 1396 4081 verbum

257 4145 321 4188 non
343 4123 404 4188 nisi
425 4122 490 4188 ΗΟ
504 4123 596 4203 1617,
619 4125 679 4205 Ap.
692 4123 766 4199 966,
793 4120 866 4187 066.
880 4123 942 4186 787
965 4129 1097 4188 exstare.
1128 4122 1220 4186 nobis
1243 4123 1298 4205 qui
1322 4119 1396 4184 scia-

256 4250 327 4293 mus
350 4228 408 4292 has
429 4229 506 4293 duas
528 4228 707 4311 tragoedias
728 4227 882 4312 genuinas
904 4251 981 4306 esse,
1005 4228 1064 4292 hac
1086 4249 1121 4292 re
1143 4226 1224 4292 nihil
1239 4225 1394 4310 probatur.

327 4373 363 4442 ⁸⁴)
383 4373 458 4427 huno
476 4375 569 4428 locum
590 4373 759 4429 Ouidianum
779 4390 838 4429 csse
859 4377 979 4430 testatur
997 4373 1127 4442 Georges.
