2958 4952
624 325 667 386 43

104 495 127 557 in
143 496 240 559 ceteris
261 495 375 561 fabulis
396 496 474 562 haec
497 497 548 560 rel
570 494 627 560 illa
649 519 668 560 a
690 497 848 560 communi
871 517 929 561 usu
952 495 1141 561 abhorreant
1165 495 1218 578 (cf.

100 597 157 662 bec.
179 596 194 661 I
214 622 242 682 p.
265 600 329 684 71),
351 600 430 665 nihil
453 599 698 684 probaretur71).

171 702 314 783 Breviter,
336 708 373 769 ut
393 706 431 770 ad
454 727 503 769 res
527 705 725 788 prosodiacas
750 709 956 780 transeamus,
973 705 1011 768 de
1026 704 1220 788 syllabarum

96 810 194 870 natura
214 808 350 872 brevium
373 831 410 874 ea
433 809 639 893 productione
670 809 897 894 disputandum
920 812 968 872 est
989 829 1083 891 quam
1111 813 1219 875 mulae

96 933 154 974 cum
174 910 287 996 liquida
309 915 487 979 coniunctio
509 913 620 978 efficit.
667 935 730 996 qua
758 913 854 978 dere
883 913 1041 996 praeclare
1071 912 1219 978 disseruit

93 1011 264 1081 Schmidtius
287 1017 320 1099 (l.
337 1041 360 1083 a.
378 1042 408 1103 p.
425 1019 466 1082 32
482 1020 554 1102 sq.).
609 1018 664 1099 qui
694 1017 819 1082 fabulas
849 1017 1050 1094 Annaeanas‚
1078 1022 1219 1100 praeter·

93 1141 173 1201 quam
193 1123 273 1205 quod
295 1123 391 1187 verba
413 1125 547 1197 Hebraea.
575 1122 696 1205 Cyclas,
719 1121 831 1204 hydra,
847 1122 935 1204 fibra
950 1122 1101 1204 correptis
1116 1119 1215 1204 sylla·

92 1222 131 1286 bis
149 1226 301 1308 prioribus
323 1249 385 1292 non
407 1229 468 1294 uisi
491 1230 525 1293 in
547 1229 641 1292 Herc.
659 1228 727 1293 Oet.
752 1229 856 1311 posita
879 1233 990 1304 essent,
1014 1249 1121 1291 omnes
1136 1226 1220 1290 inber

31 1361 34 1408 g
90 1347 116 1389 se
135 1349 298 1416 congruere
319 1337 401 1397 reete
424 1332 564 1417 viditnl.
611 1335 648 1397 de
671 1353 817 1397 mensura
842 1333 979 1397 nominis
1000 1333 1102 1397 Hebri
1130 1333 1219 1396 cuius

29 1410 32 1470 *⁸
88 1431 195 1515 syllaba
215 1436 300 1518 prior
331 1435 428 1501 semel
460 1438 493 1501 in
521 1438 583 1502 ΗΟ
607 1437 648 1522 (r.
675 1438 729 1519 19)
762 1441 907 1521 correpta
936 1441 994 1515 est,
1027 1437 1060 1500 in
1088 1436 1218 1519 reliquis

87 1541 179 1602 autem
206 1542 379 1625 tragoediis
409 1544 630 1607 tantummodo
660 1545 692 1606 in
721 1543 814 1625 primi
845 1540 895 1605 vel
927 1543 1013 1605 tertii
1042 1541 1132 1623 pedis
1154 1540 1218 1603 arsi

88 1639 247 1731 (Scnlnmg)
277 1647 447 1724 invenitur,
478 1649 591 1713 omitto
623 1668 782 1731 quaerere.
833 1645 1058 1710 vocabulorum
1093 1643 1215 1724 opalus

82 1745 182 1827 inpetro,
196 1751 278 1830 fibra
294 1750 435 1834 syllabae
450 1754 570 1834 priores
586 1754 619 1816 in
635 1752 747 1816 ceteris
770 1751 888 1816 fabulis
908 1771 1031 1832 semper
1047 1750 1217 1832 productae

84 1857 156 1916 sunt.
197 1877 291 1938 quam
314 1878 380 1920 rem
402 1862 509 1921 tamen
531 1858 597 1920 noli
619 1861 732 1941 putare
755 1855 1077 1940 quantulumcumque
1107 1856 1217 1918 contra

82 1952 212 2024 Herculis
241 1958 350 2024 Oetaei
380 1960 602 2025 auctoritatem
630 1960 791 2026 indicium.
843 1981 917 2025 nam
947 1960 1031 2041 apud
1066 1956 1216 2022 Senecam

81 2065 175 2126 mutae
196 2086 266 2130 cum
291 2065 414 2148 liquida
437 2065 595 2147 copulatio
618 2066 710 2129 modo
725 2066 911 2148 positionem
928 2064 1014 2142 iacit,
1038 2065 1131 2129 modo
1153 2085 1216 2128 non

79 2163 154 2232 facit.
191 2171 276 2251 quod
298 2173 335 2232 ut
357 2169 604 2236 demonstrarem
622 2170 716 2234 verba
739 2171 778 2234 ad
801 2169 883 2235 hanc
905 2169 1121 2253 quaestionem
1143 2189 1215 2252 per-

75 2269 199 2336 tinentia
220 2273 337 2358 collegi
360 2277 391 2337 et
414 2276 585 2358 conscripsi
601 2277 634 2338 in
651 2276 774 2340 adiecta
794 2275 916 2352 tabula,
938 2295 976 2338 ex
998 2294 1070 2356 qua,
1095 2279 1214 2356 quanta

76 2373 113 2436 sit
132 2376 213 2441 inter
234 2379 378 2462 singulas
400 2379 580 2463 tragoedias
604 2379 792 2457 differentia,
816 2379 907 2444 facile
931 2378 1077 2462 cognosci
1099 2380 1213 2461 potest.

74 2478 138 2544 vide
152 2484 242 2547 modo
258 2486 414 2566 qnatenus
429 2506 455 2547 e.
473 2505 504 2568 g.
520 2486 554 2547 in
568 2505 643 2548 noue
662 2486 771 2564 patris
789 2490 916 2564 patrem
931 2482 1043 2546 Medea
1058 2481 1215 2546 discordet

73 2604 136 2648 cum
152 2587 244 2654 Herc.
262 2588 324 2651 fur.
341 2590 420 2652 etin
437 2610 513 2653 voce
528 2595 613 2653 retro
628 2589 744 2673 Agam.
763 2610 833 2654 cum
850 2588 958 2651 eodem
974 2586 1069 2650 Herc.
1086 2586 1146 2650 fur.
1163 2585 1213 2649 vel

71 2693 229 2772 rerumque
262 2693 415 2775 producta
449 2693 552 2775 prima
581 2714 644 2756 non
668 2713 830 2756 occurrere
861 2691 923 2755 nisi
957 2690 990 2753 in
1021 2689 1212 2754 Phoenissis.

69 2792 170 2878 itaque
203 2816 263 2873 eo,
298 2797 382 2880 quod
417 2797 584 2860 verborum
625 2795 760 2878 (lyciae,
789 2795 912 2877 hydro,
949 2795 1032 2876 fibra
1073 2793 1213 2878 syllabae

68 2898 179 2978 priores
201 2921 441 2984 nonnumquam
464 2902 498 2966 in
522 2901 588 2965 ΗΟ
611 2902 834 2986 corripiuntur,
868 2901 949 2965 nihil
973 2901 1118 2966 efficitur.
1151 2921 1213 2984 quo

67 3010 252 3086 argumento
274 3027 437 3088 perperam
460 3028 534 3071 usus
558 3013 606 3071 est
627 3007 689 3072 Leo
714 3008 788 3090 (lp.
808 3007 873 3088 61).

150 3109 338 3174 Contractus
360 3111 493 3193 perfecti
515 3112 636 3176 formae
658 3112 746 3176 velut
768 3113 842 3192 abit,
871 3115 967 3193 perit,
999 3135 1076 3194 quas
1106 3112 1156 3174 his
1179 3112 1212 3174 in

66 3215 236 3300 tragoediis
258 3215 292 3278 in
314 3216 436 3278 senario
466 3219 590 3299 saepius
621 3217 788 3294 adhibitas,
821 3239 840 3280 a
870 3217 978 3281 metris
1007 3237 1082 3280 vero
1105 3215 1212 3300 lyricis

64 3319 205 3384 exclusas
223 3321 293 3383 ¹esse
315 3316 508 3383 Schmidtius
531 3322 655 3384 monuit
678 3319 711 3402 (l.
728 3343 751 3384 s.
769 3344 798 3405 p.
818 3319 882 3404 10),
905 3325 953 3384 ter
969 3322 1122 3384 admissae
1138 3323 1213 3382 sunt

64 3419 95 3484 in
118 3424 328 3506 anapaesticis
350 3423 494 3488 versibus
520 3423 663 3488 Herculis
687 3425 797 3490 Oetaei
822 3425 920 3506 (1865
939 3425 1034 3503 perit,
1060 3423 1143 3486 1868
1153 3443 1210 3502 pe·

63 3527 117 3603 rit,
133 3528 217 3591 1911
235 3527 312 3611 abit)
337 3533 368 3592 et
391 3529 488 3594 semel
515 3530 548 3593 in
571 3530 724 3613 glyconeo
748 3528 847 3614 (1062
863 3531 955 3612 odit).
983 3528 1211 3593 contradicere

63 3650 190 3712 possum
223 3634 256 3695 in
284 3635 387 3700 verbis
418 3637 524 3700 deesse
553 3639 585 3698 et
621 3635 766 3698 deerrare
797 3635 932 3699 similem
965 3633 1211 3698 contractionem

65 3732 142 3814 ficri,
167 3757 247 3819 quae
270 3739 377 3802 crebro
399 3740 432 3803 in
457 3739 624 3814 trimetris,
648 3739 744 3802 semel
766 3745 891 3806 tantum
913 3742 947 3804 in
970 3739 1099 3803 canticis
1121 3738 1210 3802 inve-

62 3839 148 3904 nitur
186 3841 242 3921 Hf.
273 3843 336 3907 832
370 3843 461 3908 derat
500 3844 555 3908 boc
597 3844 696 3908 solnm
736 3866 865 3910 numero
904 3845 1054 3908 latorum.
1112 3843 1206 3919 locos,

62 3945 178 4026 quibus
214 3945 274 4009 hae
311 3951 489 4013 contractae
526 3949 646 4014 formae
678 3955 820 4027 exstant,
856 3948 985 4033 collegit
1018 3945 1209 4012 Schmidtius

63 4047 97 4128 c·
122 4069 145 4114 ι.
170 4072 199 4133 p.
228 4051 292 4136 11),

134 4187 167 4256 Π)
187 4187 317 4242 ceterum
335 4205 434 4243 moneo
452 4206 498 4243 eos
519 4206 614 4244 versus
631 4191 700 4245 vitio
726 4191 842 4244 metrico
862 4191 1036 4250 laborantes,
1064 4203 1134 4255 quos
1151 4203 1209 4242 non

61 4255 158 4324 tetigi,
187 4262 237 4312 aut
261 4261 397 4315 correctos
423 4275 482 4313 esse
511 4263 561 4313 aut
590 4265 664 4315 certe
689 4261 884 4315 emendatione
907 4258 1032 4328 indigere
1049 4258 1127 4312 velut
1145 4258 1205 4320 368,

60 4325 315 4466 sswl²illiimetri
334 4399 387 4454 soli
408 4415 425 4452 e
444 4397 599 4453 Schmidtio
616 4399 691 4454 hanc
712 4401 741 4453 in
760 4399 936 4467 questionem
955 4398 1047 4454 vocati
1067 4401 1141 4452 sunt.
