2958 4952
803 279 845 343 34

468 455 607 519 invictus·
626 455 702 519 olim
724 455 829 520 voltus
852 460 884 520 et
907 476 1080 538 numquam
1102 456 1195 520 malis

468 561 613 624 lacrimas
638 561 702 623 suis
725 560 873 642 praebere
895 565 1061 624 consuetus
1086 560 1207 643 (pudet)

467 666 530 728 iarn
553 664 628 729 flere
652 666 768 730 didicit.

251 769 305 832 sed
327 767 479 832 Etruscus
502 771 632 850 praebet
654 791 682 832 v.
703 771 805 834 1265:
828 769 911 833 ande
934 769 993 833 lias
1021 769 1169 834 lacrimas
1191 770 1285 851 perit.
1303 792 1395 854 quam

252 873 379 938 obrem
402 874 462 938 hoc
484 874 576 937 modo
599 875 768 957 legendum
791 878 838 938 est
861 874 992 956 (1265);

407 977 490 1040 unde
513 979 571 1040 iste
594 977 710 1041 fletus?
733 979 815 1042 unde
836 978 895 1042 has
919 978 1064 1042 lacrimas
1087 980 1172 1062 gerit

407 1081 543 1144 invictus
565 1081 640 1144 olim
662 1082 769 1145 voltus
790 1087 821 1146 et
841 1104 1014 1166 numquam
1036 1083 1128 1146 malis

407 1186 552 1250 lacrimas
575 1187 640 1249 suis
662 1188 813 1268 praebere
836 1191 1028 1252 consuetus?
1051 1189 1165 1270 pudet:

406 1292 470 1354 iam
493 1290 568 1354 flere
592 1291 700 1356 didicit
708 1291 759 1374 ⁶1).

251 1393 357 1459 hiatus
380 1417 462 1472 vero,
487 1418 581 1478 quem
603 1397 637 1459 in
660 1418 752 1460 versu
777 1397 860 1460 1265
877 1397 1148 1479 deprehendimus,
1172 1394 1398 1479 semiseptena-

250 1499 345 1583 riaffl)
363 1501 429 1564 etl
446 1502 551 1566 littera
571 1504 657 1566 vocis
672 1502 729 1565 hos
745 1500 909 1566 tolerabile
929 1505 974 1564 fit.
998 1502 1098 1565 sexies
1119 1501 1219 1585 igitur
1234 1499 1284 1564 his
1299 1500 1333 1563 in
1350 1501 1399 1564 fa-

251 1603 335 1669 bulis
352 1605 507 1669 admissus
531 1610 579 1670 est
594 1605 708 1684 hiatus,
733 1605 783 1669 cui
807 1627 929 1687 semper
949 1610 982 1667 et
1004 1627 1023 1667 a
1045 1626 1174 1668 caesura
1196 1610 1227 1668 et
1250 1626 1269 1667 a
1291 1606 1399 1669 littera

250 1708 339 1772 lovel
360 1731 392 1773 m
415 1712 574 1775 excusatio
598 1715 709 1792 parata
732 1714 789 1774 est.
822 1714 985 1792 praeterea
1008 1709 1128 1773 Birtius
1150 1708 1229 1772 mihi
1251 1709 1400 1790 probavit

252 1814 319 1897 (der
342 1813 421 1877 Hiat
450 1815 500 1878 bei
522 1814 654 1878 Plautus
678 1837 706 1896 p.
731 1814 772 1877 97
798 1812 860 1896 sq.)
896 1815 979 1896 apud
1002 1812 1228 1878 Terentianum
1250 1812 1400 1878 Maurum

251 1920 392 2002 aliosque
414 1923 524 2002 poetas
548 1918 671 1981 hiatum
694 1939 757 1981 non
780 1918 881 1981 solum
902 1917 936 1980 in
959 1937 1105 1980 caesurae
1128 1917 1208 1994 sede,
1232 1918 1401 1982 sedetiam

251 2023 321 2087 aliis
355 2044 464 2086 versus
496 2021 572 2085 locis
607 2022 627 2084 lo
660 2022 767 2084 littera
801 2022 927 2086 molliri.
975 2023 1082 2104 itaque
1114 2023 1197 2086 inter
1227 2022 1399 2088 Herculem

251 2126 404 2191 Oetaeum
427 2130 609 2208 ceterasque
632 2125 759 2189 fabulas
782 2126 876 2188 huius
898 2127 943 2190 rei
960 2127 1138 2190 differentia
1151 2148 1214 2192 non
1229 2128 1398 2192 invenitur.

337 2231 513 2294 Pessimum
535 2251 609 2292 vero
632 2251 699 2293 esse
721 2250 846 2293 versum
869 2228 934 2294 ΗΟ
960 2231 1060 2294 1298:
1090 2236 1194 2296 oolam
1215 2231 1398 2312 spopondit5

250 2337 340 2400 uallo
358 2339 559 2416 propterera
582 2353 673 2398 sacro
705 2334 785 2398 dixit
808 2334 869 2398 heo
892 2334 921 2416 (Ι
943 2357 972 2418 p.
999 2335 1063 2418 60).
1103 2335 1291 2399 desideravit
1313 2336 1397 2398 enim

252 2441 541 2525 semiseptenariam
565 2461 637 2523 qua,
672 2443 708 2504 ut
738 2440 888 2503 eiusmodi
920 2440 1061 2504 trimeter
1090 2439 1229 2522 asperior
1252 2440 1395 2516 leniatur,

252 2548 332 2612 effici
357 2547 489 2629 putavit.
513 2546 596 2609 hanc
618 2545 659 2608 ob
683 2566 748 2608 rem
772 2545 957 2626 placuerunt
978 2546 1046 2608 viro
1070 2545 1251 2608 doctissimo
1273 2565 1389 2607 versus,

337 2652 403 2716 ΗΟ
427 2651 508 2715 299:
532 2672 589 2733 pro
612 2673 662 2713 me
684 2650 815 2735 gerebas
839 2648 931 2727 bella,
955 2653 1086 2732 propter
1107 2671 1158 2712 me
1180 2670 1287 2733 vagas

339 2755 455 2821 Placen.
467 2756 546 2820 336:
570 2759 715 2837 superate
727 2759 759 2818 et
775 2755 895 2837 aliquid
910 2754 1004 2817 facite
1019 2758 1148 2837 propter
1163 2756 1248 2837 quod
1261 2757 1390 2837 patrem.

251 2866 414 2946 praeterea
436 2864 541 2923 autem
564 2860 765 2939 comparandi
788 2863 861 2922 sunt
883 2861 999 2922 senarii
1022 2860 1072 2923 hi:

341 2963 455 3028 Trood.
464 2963 539 3026 500:
563 2963 634 3044 quis
654 2965 825 3045 proteget?
858 2962 913 3045 qui
936 2983 1066 3044 semper,
1091 2963 1185 3027 etiam
1208 2967 1390 3036 nunctum,

339 3068 455 3133 Phoco.
480 3067 536 3131 35:
561 3087 631 3130 cum
654 3065 768 3130 occidis
791 3071 823 3129 et
846 3088 917 3130 cum
939 3069 1052 3149 parcis
1074 3065 1151 3132 olim
1173 3068 1238 3132 iam
1259 3072 1358 3144 tuum,

457 3171 536 3235 176:
560 3171 667 3235 eduxit
690 3172 806 3234 oculos.
830 3171 939 3234 haeret
962 3171 1056 3235 etiam
1079 3194 1162 3236 nunc
1184 3173 1272 3251 mihi,

339 3275 424 3340 Meo.
448 3277 528 3340 278:
551 3277 752 3358 lacerumque
765 3275 905 3352 fratrem,
929 3277 1078 3360 quicquid
1091 3278 1279 3341 etiamnunc
1290 3298 1394 3352 noras,

452 3382 531 3446 520:
554 3382 682 3446 fortuna
705 3403 826 3465 semper
848 3383 949 3446 omnis
972 3383 1056 3446 infra
1078 3403 1128 3444 me
1151 3382 1248 3459 stetit,

453 3487 530 3551 567:
555 3486 703 3570 quicquid
724 3489 831 3570 potest
852 3485 972 3564 Medea,
997 3486 1145 3568 quicquid
1167 3507 1231 3548 non
1254 3490 1366 3569 potest,

344 3592 418 3656 Oed.
444 3591 525 3655 618:
549 3591 710 3655 Pentheus
732 3595 881 3673 tenetque
904 3613 1015 3654 saevus
1039 3591 1133 3654 etiam
1156 3610 1240 3654 nunc
1262 3591 1373 3668 minas,

338 3693 419 3776 Apa.
446 3695 524 3758 197:
548 3696 694 3777 patrique
717 3693 845 3759 Orestes
868 3695 1002 3759 similis?
1024 3694 1138 3758 horum
1160 3699 1192 3758 te
1214 3695 1308 3773 mala,

338 3797 402 3861 ΗΟ
445 3799 523 3861 7241
547 3801 600 3864 vix
622 3821 678 3864 ora
700 3800 779 3863 solvi
802 3799 922 3881 patitur
945 3799 1039 3862 etiam
1062 3820 1146 3863 nunc
1167 3801 1271 3863 timor.

252 3906 348 3986 atque
370 3904 403 3966 in
426 3903 567 3967 versibus
590 3904 707 3968 Phoco.
735 3905 805 3981 176,
843 3904 928 3967 Med.
954 3903 1028 3982 278,
1060 3904 1127 3968 ΗΟ
1153 3904 1235 3966 1298
1259 3926 1321 3968 non
1344 3926 1392 3967 so·

251 4008 318 4071 lum
341 4029 469 4071 caesura
492 4009 716 4092 semiquinaria
737 4006 829 4086 inest,
854 4008 907 4072 sed
930 4013 1002 4090 post
1024 4013 1171 4092 quartam
1195 4010 1279 4072 arsin
1303 4007 1392 4091 (Sen-

252 4111 353 4196 kung)
384 4113 480 4176 etiam
503 4112 614 4177 incisio
637 4113 670 4195 (i.
696 4135 721 4176 e.
754 4113 1020 4197 semiseptenaria)
1054 4118 1164 4178 exstat.
1210 4112 1258 4175 his
1290 4117 1392 4176 autem

322 4263 355 4334 ⁰¹)
375 4263 419 4319 Sic
436 4266 694 4337 interpungendum
708 4265 771 4320 etll
789 4269 963 4347 sequendum
977 4283 1035 4321 esse
1049 4265 1119 4319 mihi
1130 4267 1270 4336 persuasit
1281 4267 1391 4320 Bittius.
1467 4309 1468 4322 1

323 4333 358 4404 ⁶¹)
377 4336 407 4388 In
426 4352 507 4391 versu
528 4337 594 4392 1265
613 4336 846 4405 semiquinarram
865 4339 999 4392 maiorem
1018 4337 1075 4390 vim
1093 4336 1196 4390 habere
1215 4337 1343 4394 concedo.
1467 4409 1468 4412 Ἴ
