2958 4952
822 320 863 384 46

268 504 430 588 praeterea
451 497 514 564 Leo
536 498 619 582 apud
643 497 815 575 Tibullum,
838 495 1019 573 Lucanum,
1054 493 1213 572 Statium,
1250 494 1415 559 Manilium

271 607 403 691 scriptos
425 602 507 667 vidit
529 608 647 686 septem
670 603 756 667 locos
770 601 833 665 huc
848 604 1025 683 spectantes
1049 599 1101 682 (cf.
1118 597 1135 662 I
1154 621 1183 681 p.
1202 600 1266 662 203
1282 599 1359 663 adn.
1376 597 1414 681 4).

357 709 444 774 Haec
466 709 574 771 omnia
595 728 666 771 cum
689 707 735 768 ita
757 706 831 780 sint,
856 708 980 768 constat
1002 703 1140 766 rationes
1155 705 1306 766 metricas
1324 707 1359 766 et
1372 724 1416 764 res

269 816 466 901 prosodiaoas
490 811 637 876 Herculis
660 809 768 874 Oetaei
802 831 958 891 nusquam
993 828 1063 872 cum
1099 805 1234 872 Senecae
1267 831 1335 872 usu
1359 809 1417 871 dis-

272 943 409 1004 crepare.

354 1024 422 1100 Quo
448 1022 619 1088 constituto
641 1040 844 1104 properemus
867 1020 907 1084 ad
940 1041 976 1082 ea
1010 1020 1150 1084 virorum
1176 1021 1346 1085 docturum
1369 1042 1416 1082 ar·

269 1132 422 1214 gumenta
445 1126 669 1190 consideranda
692 1146 772 1207 quae
795 1124 834 1188 ad
857 1123 1119 1208 orthographiam
1141 1127 1315 1207 pertinent.
1343 1125 1420 1188 talis

268 1237 373 1298 autem
396 1235 583 1315 argumenta
605 1230 672 1292 sine
694 1228 789 1292 dubio
812 1229 971 1293 levissima
994 1233 1084 1306 sunt,
1108 1252 1182 1294 nam
1203 1231 1346 1294 fortasse
1370 1226 1421 1292 Sc-

267 1359 344 1402 neca
366 1338 433 1419 ipse
456 1355 539 1398 nunc
560 1333 630 1410 hoc,
654 1354 737 1396 nunc
758 1331 815 1396 illo
837 1334 930 1396 modo
953 1335 1081 1415 scripsit
1103 1338 1135 1398 et
1157 1334 1233 1417 quid
1256 1332 1420 1398 verisimi-

267 1443 328 1507 lius
360 1445 407 1505 sst
438 1462 532 1524 quam
561 1436 680 1503 scribas
711 1436 769 1500 has
800 1437 937 1501 rationes
967 1438 1098 1502 arbitrio
1129 1459 1184 1502 suo
1215 1438 1420 1502 mutavisse?

267 1545 437 1611 Richterus
468 1543 510 1627 (d.
528 1542 559 1607 S.
576 1547 615 1606 tr.
633 1565 660 1605 a.
677 1565 708 1626 p.
725 1542 780 1624 27)
810 1543 947 1606 formam
977 1543 1194 1608 abbreviatam
1228 1545 1328 1606 uiden
1365 1562 1420 1625 pro

266 1651 396 1715 uidesne
429 1671 584 1732 nusquam
608 1648 729 1711 invenit
751 1649 783 1710 in
806 1646 857 1711 his
879 1648 1051 1730 tragoediis
1074 1647 1136 1710 nisi
1159 1646 1224 1710 ΗΟ
1253 1647 1345 1711 1207
1374 1647 1419 1708 υἱ-

266 1755 327 1820 dec
349 1759 382 1818 ut
405 1753 512 1818 laudis
536 1753 661 1816 conseia
682 1751 792 1814 uirtus.
823 1753 877 1814 sed
893 1750 944 1814 hic
959 1750 1056 1828 locus,
1081 1751 1199 1814 cumin
1215 1750 1243 1814 Ε
1259 1750 1419 1814 traditum

267 1859 309 1922 sit
331 1859 424 1936 uidet,
448 1879 511 1922 nou
534 1859 611 1922 setis
634 1861 738 1920 certus
760 1860 818 1919 ast.
850 1856 967 1920 Pboou.
984 1857 1048 1920 394
1064 1855 1200 1939 legimus
1216 1857 1249 1918 in
1265 1855 1294 1918 Il
1311 1857 1417 1928 orden,

267 1963 320 2027 sed
344 1965 439 2026 eliam
462 1962 513 2024 hic
536 1962 622 2025 locus
645 1964 811 2043 corruptus
833 1965 888 2024 est.
923 1960 1007 2044 quod
1029 1967 1135 2026 tamen
1158 1959 1278 2024 sufficit
1299 1964 1343 2024 ut
1367 1960 1418 2022 de·

266 2071 460 2130 monstretur
485 2063 667 2127 Richterum
690 2062 751 2126 hoc
773 2069 961 2147 argumento
984 2066 1033 2128 uti
1054 2086 1117 2128 non
1139 2063 1294 2129 debuisse.
1320 2069 1419 2147 atque

266 2189 336 2233 cum
360 2170 428 2254 ipsa
443 2169 546 2232 forma
568 2167 691 2231 uidesne
714 2167 747 2230 in
763 2166 898 2232 Senecae
921 2169 1038 2234 fabulis
1061 2169 1190 2233 omnino
1213 2190 1276 2232 non
1301 2172 1417 2244 exstet,

266 2273 421 2337 nescimus
444 2277 551 2336 ulrum
573 2271 701 2335 videsue
730 2273 878 2338 maluerit
909 2275 1046 2339 scribere
1075 2279 1168 2358 poeta
1200 2296 1296 2357 quam
1321 2276 1417 2338 videa

265 2399 371 2443 necne.
396 2399 432 2442 ac
454 2399 494 2442 ne
517 2379 601 2443 dicas
624 2377 759 2442 formam
781 2379 874 2445 uiden
897 2402 960 2444 non
982 2381 1044 2444 nisi
1073 2380 1112 2443 ad
1142 2400 1321 2444 sermonem
1346 2377 1415 2442 vul·

266 2504 374 2568 garcm
397 2482 554 2566 pertinere
577 2486 680 2546 tecum
703 2484 899 2550 communico
923 2482 1019 2548 Statii
1041 2483 1144 2548 locum
1167 2484 1269 2548 hunc:

354 2587 453 2653 Theb.
470 2587 509 2664 X,
534 2587 612 2652 812:
637 2586 714 2650 haec
729 2593 805 2666 erat,
823 2588 900 2653 haec
915 2591 1084 2652 metuenda
1099 2610 1210 2652 munus
1227 2587 1414 2670 ferrumque

1108 2693 1194 2776 quod
1215 2712 1325 2754 amens
1463 2719 1464 2791 p

352 2795 421 2878 ipsa
443 2795 530 2869 dedi;
567 2795 660 2858 viden
682 2799 718 2858 ut
739 2794 850 2879 iugulo
874 2798 1104 2880 consumpserit
1127 2799 1256 2862 ensem?

353 2899 464 2963 similis
488 2897 590 2962 forma
613 2897 751 2980 saruch)
776 2903 879 2962 exstat
905 2900 978 2965 Ocd.
1002 2902 1084 2980 956,
1107 2905 1218 2965 contra
1231 2900 1354 2964 sarone
1371 2900 1413 2962 le·

265 3005 369 3088 gimus
395 3001 515 3066 Phuccl.
541 3002 613 3065 635.

352 3103 440 3171 Idem
462 3105 633 3170 Richterus
656 3107 816 3172 contendit
840 3108 873 3189 (l.
899 3131 923 3172 s.
947 3132 978 3192 p.
996 3109 1050 3192 27)
1074 3113 1107 3175 in
1130 3110 1196 3176 sola
1218 3109 1277 3174 hac
1300 3108 1414 3173 fabula
1462 3089 1463 3125 ¹

264 3212 314 3276 bis
337 3210 561 3276 adiectivorum
583 3214 616 3275 in
640 3211 678 3289 ts,
702 3232 717 3274 e
740 3212 947 3278 formatorum
970 3214 1104 3279 inveniri
1128 3214 1324 3292 ablativum,
1359 3213 1416 3298 qui

265 3338 361 3399 epro
383 3315 396 3379 i
418 3315 629 3399 adsumsperit
652 3316 694 3400 (v.
713 3318 797 3383 1450
820 3318 911 3398 quale
935 3320 988 3403 (so.
1014 3320 1135 3403 stipite)
1160 3324 1192 3382 et
1217 3318 1302 3384 1844
1321 3318 1413 3383 iuco-

265 3421 345 3486 lumc
367 3418 464 3503 outo).
493 3442 595 3505 neque
619 3424 701 3487 enim
725 3422 804 3486 vidit
828 3423 1076 3506 Agamemnonis
1099 3423 1203 3488 locum
1227 3422 1289 3486 807
1315 3422 1412 3506 (scep-
1461 3417 1462 3457 l

259 3525 344 3606 plico
364 3524 470 3606 fibra),
501 3547 603 3609 neque
625 3527 713 3590 novit
736 3527 831 3591 verbs
852 3528 946 3592 haec:
986 3526 1146 3592 Zuweilen
1170 3527 1273 3592 haben
1294 3527 1412 3610 jedoch

264 3627 314 3690 die
346 3627 495 3702 Dichter,
535 3628 727 3694 nementlich
764 3629 895 3694 Ovidius
927 3632 1009 3696 nach
1045 3630 1321 3716 Bequemliohkeit
1356 3633 1411 3695 des

263 3728 461 3794 Versmasses
484 3731 542 3794 den
565 3729 697 3795 Ablativ
720 3734 777 3796 aui
798 3756 814 3797 e
837 3733 1019 3820 zugelassen
1050 3735 1104 3818 (cf.
1127 3735 1410 3820 Neue-Wagener,
1460 3717 1461 3791 l

264 3831 462 3898 Lctciuischc
485 3833 722 3898 Formenlehre³
746 3837 778 3900 ll
793 3860 823 3919 p.
841 3839 893 3915 54,
917 3838 972 3901 ubi
993 3839 1150 3921 permulta
1172 3841 1317 3926 exemplu
1332 3863 1409 3905 con·

266 3943 358 4025 gestu
380 3937 477 4021 sunt).
502 3940 634 4003 errudem
656 3939 772 4004 librum
796 3943 840 4024 (p.
858 3944 933 4022 529)
949 3944 976 4006 si
991 3943 1163 4028 inspexeris
1187 3946 1329 4011 dativum
1344 3951 1409 4010 loto
1459 4021 1460 4024 Ἴ

262 4065 319 4127 pro
343 4045 400 4107 loti
423 4043 518 4107 etiam
542 4065 560 4106 a
585 4043 674 4107 bonis
696 4046 798 4129 poetis
820 4046 908 4110 velut
930 4071 948 4112 a
971 4047 1137 4133 Propertio
1160 4057 1192 4116 et
1208 4050 1321 4117 Ovidio
1343 4075 1406 4117 non

264 4147 416 4210 evitatum
440 4169 507 4212 esse
530 4149 630 4230 primo
653 4150 767 4215 obtutu
790 4171 965 4235 cognosces.
991 4155 1099 4239 itaque
1124 4157 1259 4222 Senecae
1282 4179 1407 4241 quoque

262 4250 323 4313 hoc
345 4249 579 4334 indulgebimus
603 4253 654 4334 (of.
672 4256 734 4320 Leo
749 4256 764 4320 Ι
779 4278 809 4340 p.
827 4258 891 4342 61).

334 4387 367 4455 ⁷⁶)
387 4388 521 4442 traditum
543 4392 585 4444 est
603 4395 702 4458 studim,
722 4396 797 4462 quod
815 4396 869 4452 Leo
888 4400 1015 4454 correxit.
1458 4395 1459 4459 l
